{"coins": ["ETH"], "price": 427.92187479239936, "sequence": 4068, "size": 66.59917596430333, "symbol_id": "COINBASE_SPOT_ETH_USD", "taker_side": "SELL_ESTIMATED", "timestamp": "2018-07-16T20:11:51.747745Z", "time_exchange": "2018-07-16T20:11:51.747745Z", "type": "trade", "uuid": "77ba9eed-c909-4903-8315-1bfb96c49b6e"}
{"coins": ["BTC"], "price": 6101.3772883440615, "sequence": 4081, "size": 96.14449585115352, "symbol_id": "COINBASE_SPOT_BTC_USD", "taker_side": "SELL_ESTIMATED", "timestamp": "2018-07-16T20:11:52.628113Z", "time_exchange": "2018-07-16T20:11:52.628113Z", "type": "trade", "uuid": "0acb98ce-399e-4c7f-bcee-4f86d6eef95c"}
{"coins": ["BTC"], "price": 5842.166334837442, "sequence": 4134, "size": 25.551512897683505, "symbol_id": "COINBASE_SPOT_BTC_USD", "taker_side": "SELL_ESTIMATED", "timestamp": "2018-07-16T20:11:53.164516Z", "time_exchange": "2018-07-16T20:11:53.164516Z", "type": "trade", "uuid": "7eaf3d0b-1704-4f4e-8840-24bd64c02dce"}
{"coins": ["ETH"], "price": 437.65018564162455, "sequence": 4205, "size": 2.932148868166795, "symbol_id": "COINBASE_SPOT_ETH_USD", "taker_side": "BUY", "timestamp": "2018-07-16T20:11:53.722737Z", "time_exchange": "2018-07-16T20:11:53.722737Z", "type": "trade", "uuid": "7f798136-daf7-4b64-af12-f4ecd11006e5"}
{"coins": ["BTC"], "price": 5453.596138252324, "sequence": 4237, "size": 72.17704388072328, "symbol_id": "COINBASE_SPOT_BTC_USD", "taker_side": "BUY", "timestamp": "2018-07-16T20:11:54.050962Z", "time_exchange": "2018-07-16T20:11:54.050962Z", "type": "trade", "uuid": "5759be1c-d631-463f-8396-06f1239fcbba"}
{"coins": ["ETH"], "price": 476.54839294351154, "sequence": 4249, "size": 54.29209778796159, "symbol_id": "COINBASE_SPOT_ETH_USD", "taker_side": "SELL", "timestamp": "2018-07-16T20:11:54.572711Z", "time_exchange": "2018-07-16T20:11:54.572711Z", "type": "trade", "uuid": "fc76e41c-2f35-485b-a4b9-c862a924c7a5"}
{"coins": ["LTC"], "price": 77.70095366712464, "sequence": 4307, "size": 96.80507970396629, "symbol_id": "COINBASE_SPOT_LTC_USD", "taker_side": "SELL", "timestamp": "2018-07-16T20:11:55.110619Z", "time_exchange": "2018-07-16T20:11:55.110619Z", "type": "trade", "uuid": "71ac5ecb-053d-4bff-a28e-219d78eca049"}
{"coins": ["ETH"], "price": 492.0192503199755, "sequence": 4401, "size": 29.156844829665285, "symbol_id": "COINBASE_SPOT_ETH_USD", "taker_side": "BUY_ESTIMATED", "timestamp": "2018-07-16T20:11:55.728178Z", "time_exchange": "2018-07-16T20:11:55.728178Z", "type": "trade", "uuid": "17fa315a-e9a9-4590-a8a5-9a298407652f"}
{"coins": ["BTC"], "price": 5374.669683168208, "sequence": 4499, "size": 27.082242102466424, "symbol_id": "COINBASE_SPOT_BTC_USD", "taker_side": "BUY", "timestamp": "2018-07-16T20:11:56.522702Z", "time_exchange": "2018-07-16T20:11:56.522702Z", "type": "trade", "uuid": "8e6b92c3-8e02-499c-be77-0b061604ee10"}
{"coins": ["ETH"], "price": 513.9205698804205, "sequence": 4551, "size": 1.0290392956893601, "symbol_id": "COINBASE_SPOT_ETH_USD", "taker_side": "BUY_ESTIMATED", "timestamp": "2018-07-16T20:11:57.278040Z", "time_exchange": "2018-07-16T20:11:57.278040Z", "type": "trade", "uuid": "2fbdad4d-d789-4497-ba26-b7f4c940fa2f"}
{"coins": ["LTC"], "price": 76.3399353357657, "sequence": 4592, "size": 46.910509799654406, "symbol_id": "COINBASE_SPOT_LTC_USD", "taker_side": "SELL", "timestamp": "2018-07-16T20:11:58.038304Z", "time_exchange": "2018-07-16T20:11:58.038304Z", "type": "trade", "uuid": "3d20a99a-bbe7-4181-bf6d-344db99ac8f8"}
{"coins": ["ETH"], "price": 496.20540765291514, "sequence": 4682, "size": 52.40064771253614, "symbol_id": "COINBASE_SPOT_ETH_USD", "taker_side": "SELL_ESTIMATED", "timestamp": "2018-07-16T20:11:58.557515Z", "time_exchange": "2018-07-16T20:11:58.557515Z", "type": "trade", "uuid": "a16e66c4-0c33-4335-9f7e-348d7145da67"}
{"coins": ["ETH"], "price": 477.33501093396023, "sequence": 4749, "size": 23.654142567018855, "symbol_id": "COINBASE_SPOT_ETH_USD", "taker_side": "SELL", "timestamp": "2018-07-16T20:11:59.405121Z", "time_exchange": "2018-07-16T20:11:59.405121Z", "type": "trade", "uuid": "523fab01-6c01-4966-97c0-d3bad885327d"}
{"coins": ["ETH"], "price": 475.9642447303445, "sequence": 4756, "size": 43.46825394303075, "symbol_id": "COINBASE_SPOT_ETH_USD", "taker_side": "SELL_ESTIMATED", "timestamp": "2018-07-16T20:11:59.842484Z", "time_exchange": "2018-07-16T20:11:59.842484Z", "type": "trade", "uuid": "03d46d70-e9be-4a8a-95c2-7f3f44d54f2d"}
{"coins": ["ETH"], "price": 482.4619170090313, "sequence": 4823, "size": 14.107486143802939, "symbol_id": "COINBASE_SPOT_ETH_USD", "taker_side": "SELL_ESTIMATED", "timestamp": "2018-07-16T20:12:00.602693Z", "time_exchange": "2018-07-16T20:12:00.602693Z", "type": "trade", "uuid": "ad1f6617-5794-4bf0-ab79-4e16460c56f6"}
{"coins": ["LTC"], "price": 79.14101870371499, "sequence": 4891, "size": 77.3026890057335, "symbol_id": "COINBASE_SPOT_LTC_USD", "taker_side": "SELL", "timestamp": "2018-07-16T20:12:01.328111Z", "time_exchange": "2018-07-16T20:12:01.328111Z", "type": "trade", "uuid": "254e42f2-57ea-4f02-b5c3-b1b95bfb648f"}
{"coins": ["ETH"], "price": 512.1142654030521, "sequence": 4943, "size": 97.75926889970138, "symbol_id": "COINBASE_SPOT_ETH_USD", "taker_side": "SELL_ESTIMATED", "timestamp": "2018-07-16T20:12:02.010997Z", "time_exchange": "2018-07-16T20:12:02.010997Z", "type": "trade", "uuid": "19cac5d0-db4c-43d1-86f0-bc0cfe49cf65"}
{"coins": ["LTC"], "price": 78.69297805102579, "sequence": 5017, "size": 38.15242242176794, "symbol_id": "COINBASE_SPOT_LTC_USD", "taker_side": "SELL_ESTIMATED", "timestamp": "2018-07-16T20:12:02.467279Z", "time_exchange": "2018-07-16T20:12:02.467279Z", "type": "trade", "uuid": "3d897dcf-7cec-4b91-bf2e-e7978d054a63"}
{"coins": ["LTC"], "price": 81.99549828619861, "sequence": 5063, "size": 67.29920643452004, "symbol_id": "COINBASE_SPOT_LTC_USD", "taker_side": "BUY_ESTIMATED", "timestamp": "2018-07-16T20:12:03.246813Z", "time_exchange": "2018-07-16T20:12:03.246813Z", "type": "trade", "uuid": "1ae9504a-4901-47af-9e80-ccc59f09b306"}
{"coins": ["BTC"], "price": 5491.265822995338, "sequence": 5095, "size": 99.0590858060012, "symbol_id": "COINBASE_SPOT_BTC_USD", "taker_side": "SELL", "timestamp": "2018-07-16T20:12:03.816497Z", "time_exchange": "2018-07-16T20:12:03.816497Z", "type": "trade", "uuid": "07eb7ffe-a7c4-47d9-8d3b-206f36ed792b"}
{"coins": ["LTC"], "price": 87.66191589459982, "sequence": 5118, "size": 49.046140944302884, "symbol_id": "COINBASE_SPOT_LTC_USD", "taker_side": "SELL_ESTIMATED", "timestamp": "2018-07-16T20:12:04.594858Z", "time_exchange": "2018-07-16T20:12:04.594858Z", "type": "trade", "uuid": "34ef3491-49a1-4a67-afc0-09ba089e4b26"}
{"coins": ["LTC"], "price": 91.5178128268041, "sequence": 5162, "size": 28.119783629380947, "symbol_id": "COINBASE_SPOT_LTC_USD", "taker_side": "BUY_ESTIMATED", "timestamp": "2018-07-16T20:12:05.322644Z", "time_exchange": "2018-07-16T20:12:05.322644Z", "type": "trade", "uuid": "c2038b22-15e5-4559-bbc9-7681d9366559"}
{"coins": ["BTC"], "price": 5343.920699559367, "sequence": 5228, "size": 68.48150553381807, "symbol_id": "COINBASE_SPOT_BTC_USD", "taker_side": "BUY_ESTIMATED", "timestamp": "2018-07-16T20:12:06.138033Z", "time_exchange": "2018-07-16T20:12:06.138033Z", "type": "trade", "uuid": "cc83e1ed-b66d-40f7-91b1-3a301fd2944a"}
{"coins": ["LTC"], "price": 87.13746380840531, "sequence": 5247, "size": 61.13976587111365, "symbol_id": "COINBASE_SPOT_LTC_USD", "taker_side": "BUY_ESTIMATED", "timestamp": "2018-07-16T20:12:06.849516Z", "time_exchange": "2018-07-16T20:12:06.849516Z", "type": "trade", "uuid": "d1e55624-8ea4-4c2f-990c-3bddb23f684f"}
{"coins": ["LTC"], "price": 88.10771366067468, "sequence": 5264, "size": 34.44924185695461, "symbol_id": "COINBASE_SPOT_LTC_USD", "taker_side": "SELL_ESTIMATED", "timestamp": "2018-07-16T20:12:07.586091Z", "time_exchange": "2018-07-16T20:12:07.586091Z", "type": "trade", "uuid": "9a5bd08b-1fdf-49e6-a656-5ca67af7765b"}
{"coins": ["BTC"], "price": 5038.992804785953, "sequence": 5275, "size": 48.086034958879075, "symbol_id": "COINBASE_SPOT_BTC_USD", "taker_side": "SELL", "timestamp": "2018-07-16T20:12:08.093417Z", "time_exchange": "2018-07-16T20:12:08.093417Z", "type": "trade", "uuid": "8d6341be-0539-46a6-9c67-b0bf3b64f679"}
{"coins": ["LTC"], "price": 88.69909953972801, "sequence": 5301, "size": 47.79444712971669, "symbol_id": "COINBASE_SPOT_LTC_USD", "taker_side": "BUY_ESTIMATED", "timestamp": "2018-07-16T20:12:08.795957Z", "time_exchange": "2018-07-16T20:12:08.795957Z", "type": "trade", "uuid": "4667b311-3736-4454-b452-d48fa0de815d"}
{"coins": ["ETH"], "price": 512.563413073516, "sequence": 5348, "size": 29.7194407087762, "symbol_id": "COINBASE_SPOT_ETH_USD", "taker_side": "SELL", "timestamp": "2018-07-16T20:12:09.633109Z", "time_exchange": "2018-07-16T20:12:09.633109Z", "type": "trade", "uuid": "c5d32a33-f80d-4c18-b0cd-345c0fbaaba2"}
{"coins": ["LTC"], "price": 85.08198658355455, "sequence": 5436, "size": 20.907589252614645, "symbol_id": "COINBASE_SPOT_LTC_USD", "taker_side": "BUY_ESTIMATED", "timestamp": "2018-07-16T20:12:10.195509Z", "time_exchange": "2018-07-16T20:12:10.195509Z", "type": "trade", "uuid": "f870e56e-67fe-4e78-9b94-533539cba498"}
{"coins": ["LTC"], "price": 86.65516416685337, "sequence": 5467, "size": 22.36049191348597, "symbol_id": "COINBASE_SPOT_LTC_USD", "taker_side": "SELL", "timestamp": "2018-07-16T20:12:10.979710Z", "time_exchange": "2018-07-16T20:12:10.979710Z", "type": "trade", "uuid": "b674a644-72df-4328-90ba-278971627264"}
{"coins": ["BTC"], "price": 4982.041059220987, "sequence": 5548, "size": 96.39709002385266, "symbol_id": "COINBASE_SPOT_BTC_USD", "taker_side": "BUY", "timestamp": "2018-07-16T20:12:11.613650Z", "time_exchange": "2018-07-16T20:12:11.613650Z", "type": "trade", "uuid": "77c133ff-3d4b-41e8-8903-ccdd76fb8493"}
{"coins": ["ETH"], "price": 547.9545790567006, "sequence": 5603, "size": 57.67596645895341, "symbol_id": "COINBASE_SPOT_ETH_USD", "taker_side": "BUY", "timestamp": "2018-07-16T20:12:12.254347Z", "time_exchange": "2018-07-16T20:12:12.254347Z", "type": "trade", "uuid": "c284f242-1631-4a0a-b577-aa4a65d532f7"}
{"coins": ["LTC"], "price": 80.3178226121069, "sequence": 5655, "size": 15.482592378402193, "symbol_id": "COINBASE_SPOT_LTC_USD", "taker_side": "SELL", "timestamp": "2018-07-16T20:12:12.965829Z", "time_exchange": "2018-07-16T20:12:12.965829Z", "type": "trade", "uuid": "e07f59f5-1f6e-48a5-8209-dbacf41cb85c"}
{"coins": ["LTC"], "price": 89.3641820029027, "sequence": 5727, "size": 51.798762562855984, "symbol_id": "COINBASE_SPOT_LTC_USD", "taker_side": "BUY", "timestamp": "2018-07-16T20:12:13.763603Z", "time_exchange": "2018-07-16T20:12:13.763603Z", "type": "trade", "uuid": "87d3748d-2aef-4ba9-abfe-f38b40d920c7"}
{"coins": ["LTC"], "price": 91.6612211205243, "sequence": 5823, "size": 70.05401371919618, "symbol_id": "COINBASE_SPOT_LTC_USD", "taker_side": "BUY", "timestamp": "2018-07-16T20:12:14.092654Z", "time_exchange": "2018-07-16T20:12:14.092654Z", "type": "trade", "uuid": "34a86249-445a-4463-aaf5-4e2a27a11c21"}
{"coins": ["ETH"], "price": 543.5571396942296, "sequence": 5894, "size": 86.39463923471438, "symbol_id": "COINBASE_SPOT_ETH_USD", "taker_side": "SELL_ESTIMATED", "timestamp": "2018-07-16T20:12:14.782956Z", "time_exchange": "2018-07-16T20:12:14.782956Z", "type": "trade", "uuid": "2f129ac6-7ca5-4d42-8644-ca0db8eacba0"}
{"coins": ["LTC"], "price": 85.75776984292057, "sequence": 5976, "size": 22.265510773056107, "symbol_id": "COINBASE_SPOT_LTC_USD", "taker_side": "BUY_ESTIMATED", "timestamp": "2018-07-16T20:12:15.216549Z", "time_exchange": "2018-07-16T20:12:15.216549Z", "type": "trade", "uuid": "69f8cc05-061a-46e2-bfd5-12592d0317d4"}
{"coins": ["ETH"], "price": 577.5337925022873, "sequence": 6049, "size": 70.54041347999967, "symbol_id": "COINBASE_SPOT_ETH_USD", "taker_side": "BUY", "timestamp": "2018-07-16T20:12:15.610898Z", "time_exchange": "2018-07-16T20:12:15.610898Z", "type": "trade", "uuid": "dec9a433-9a8e-45f7-a426-5f98f47427ba"}
{"coins": ["ETH"], "price": 572.3856293100692, "sequence": 6075, "size": 50.01238122976762, "symbol_id": "COINBASE_SPOT_ETH_USD", "taker_side": "BUY_ESTIMATED", "timestamp": "2018-07-16T20:12:16.388200Z", "time_exchange": "2018-07-16T20:12:16.388200Z", "type": "trade", "uuid": "096ed8e6-c678-469c-9a57-958897fb03cf"}
{"coins": ["LTC"], "price": 81.04026879106623, "sequence": 6094, "size": 42.90856469460592, "symbol_id": "COINBASE_SPOT_LTC_USD", "taker_side": "SELL", "timestamp": "2018-07-16T20:12:17.209108Z", "time_exchange": "2018-07-16T20:12:17.209108Z", "type": "trade", "uuid": "314ff872-d664-4136-becc-25ee867b7826"}
{"coins": ["ETH"], "price": 554.1430357845636, "sequence": 6128, "size": 41.5468519228984, "symbol_id": "COINBASE_SPOT_ETH_USD", "taker_side": "SELL_ESTIMATED", "timestamp": "2018-07-16T20:12:17.768944Z", "time_exchange": "2018-07-16T20:12:17.768944Z", "type": "trade", "uuid": "8be4bd38-4b1f-449e-9ac9-2a80f5edc4e9"}
{"coins": ["ETH"], "price": 548.5150709881677, "sequence": 6180, "size": 46.03228389573288, "symbol_id": "COINBASE_SPOT_ETH_USD", "taker_side": "SELL_ESTIMATED", "timestamp": "2018-07-16T20:12:18.189136Z", "time_exchange": "2018-07-16T20:12:18.189136Z", "type": "trade", "uuid": "30aed053-2d20-45ca-b5db-783884c79649"}
{"coins": ["ETH"], "price": 507.5320773057331, "sequence": 6207, "size": 94.79522175108316, "symbol_id": "COINBASE_SPOT_ETH_USD", "taker_side": "BUY_ESTIMATED", "timestamp": "2018-07-16T20:12:18.825557Z", "time_exchange": "2018-07-16T20:12:18.825557Z", "type": "trade", "uuid": "879c711e-7b47-41aa-b704-0854fa048d77"}
{"coins": ["LTC"], "price": 80.98366794278093, "sequence": 6209, "size": 27.821307784816895, "symbol_id": "COINBASE_SPOT_LTC_USD", "taker_side": "BUY", "timestamp": "2018-07-16T20:12:19.388151Z", "time_exchange": "2018-07-16T20:12:19.388151Z", "type": "trade", "uuid": "b80761b1-b4f7-4702-9b11-df15ce7b31dd"}
{"coins": ["LTC"], "price": 80.80634671270973, "sequence": 6237, "size": 22.115726103036014, "symbol_id": "COINBASE_SPOT_LTC_USD", "taker_side": "BUY", "timestamp": "2018-07-16T20:12:20.053984Z", "time_exchange": "2018-07-16T20:12:20.053984Z", "type": "trade", "uuid": "98473217-df8d-42bf-a662-3c4f02f70d8c"}
{"coins": ["LTC"], "price": 71.392802571134, "sequence": 6291, "size": 70.98722537765579, "symbol_id": "COINBASE_SPOT_LTC_USD", "taker_side": "BUY_ESTIMATED", "timestamp": "2018-07-16T20:12:20.427117Z", "time_exchange": "2018-07-16T20:12:20.427117Z", "type": "trade", "uuid": "5b212227-8e3a-4e08-abaa-23a7a0f9b047"}
{"coins": ["ETH"], "price": 493.89023855129983, "sequence": 6362, "size": 69.98677615715256, "symbol_id": "COINBASE_SPOT_ETH_USD", "taker_side": "BUY", "timestamp": "2018-07-16T20:12:21.090374Z", "time_exchange": "2018-07-16T20:12:21.090374Z", "type": "trade", "uuid": "1e75545e-7e47-49a0-84f0-250f4a4079ed"}
{"coins": ["BTC"], "price": 5154.618389417462, "sequence": 6377, "size": 10.274107453534032, "symbol_id": "COINBASE_SPOT_BTC_USD", "taker_side": "SELL", "timestamp": "2018-07-16T20:12:21.602442Z", "time_exchange": "2018-07-16T20:12:21.602442Z", "type": "trade", "uuid": "162dbe69-9868-4938-ad65-52e9d3e1bf78"}
{"coins": ["LTC"], "price": 74.46755255452398, "sequence": 6440, "size": 0.19959915852892918, "symbol_id": "COINBASE_SPOT_LTC_USD", "taker_side": "BUY_ESTIMATED", "timestamp": "2018-07-16T20:12:22.210121Z", "time_exchange": "2018-07-16T20:12:22.210121Z", "type": "trade", "uuid": "d1383a49-3a30-4946-a523-6bef5f099ad6"}
{"coins": ["LTC"], "price": 72.93120340065421, "sequence": 6497, "size": 3.808049470030883, "symbol_id": "COINBASE_SPOT_LTC_USD", "taker_side": "BUY_ESTIMATED", "timestamp": "2018-07-16T20:12:22.972837Z", "time_exchange": "2018-07-16T20:12:22.972837Z", "type": "trade", "uuid": "87afbc77-56f8-46d6-8a52-90a8cf94f912"}
{"coins": ["BTC"], "price": 5377.54545651709, "sequence": 6594, "size": 23.85854757816217, "symbol_id": "COINBASE_SPOT_BTC_USD", "taker_side": "SELL", "timestamp": "2018-07-16T20:12:23.369118Z", "time_exchange": "2018-07-16T20:12:23.369118Z", "type": "trade", "uuid": "60de4d1b-14fb-4996-bbb4-e6043322f249"}
{"coins": ["LTC"], "price": 71.47154691071033, "sequence": 6673, "size": 64.02271491832036, "symbol_id": "COINBASE_SPOT_LTC_USD", "taker_side": "SELL", "timestamp": "2018-07-16T20:12:23.795480Z", "time_exchange": "2018-07-16T20:12:23.795480Z", "type": "trade", "uuid": "c1ab014d-c497-4c22-b19a-6e720f73c7c6"}
{"coins": ["ETH"], "price": 464.71663148935806, "sequence": 6768, "size": 99.42204783696093, "symbol_id": "COINBASE_SPOT_ETH_USD", "taker_side": "SELL", "timestamp": "2018-07-16T20:12:24.510439Z", "time_exchange": "2018-07-16T20:12:24.510439Z", "type": "trade", "uuid": "44ce3d84-18c8-4afd-9427-e8b21de77872"}
{"coins": ["BTC"], "price": 5076.899470851099, "sequence": 6867, "size": 32.478248666625845, "symbol_id": "COINBASE_SPOT_BTC_USD", "taker_side": "BUY", "timestamp": "2018-07-16T20:12:25.156803Z", "time_exchange": "2018-07-16T20:12:25.156803Z", "type": "trade", "uuid": "dac36080-a6b3-45d8-b6da-299398dfb890"}
{"coins": ["LTC"], "price": 71.89819992907812, "sequence": 6930, "size": 42.28863952803461, "symbol_id": "COINBASE_SPOT_LTC_USD", "taker_side": "BUY", "timestamp": "2018-07-16T20:12:25.761277Z", "time_exchange": "2018-07-16T20:12:25.761277Z", "type": "trade", "uuid": "d5b0fde7-6060-47d3-9581-af0bfe9f2b81"}
{"coins": ["LTC"], "price": 73.7013924257507, "sequence": 7002, "size": 21.025549485377848, "symbol_id": "COINBASE_SPOT_LTC_USD", "taker_side": "SELL_ESTIMATED", "timestamp": "2018-07-16T20:12:26.507656Z", "time_exchange": "2018-07-16T20:12:26.507656Z", "type": "trade", "uuid": "d9a57540-9c47-4ef6-ad86-5b9c30ec78a0"}
{"coins": ["ETH"], "price": 478.9958363228145, "sequence": 7076, "size": 50.166617960713836, "symbol_id": "COINBASE_SPOT_ETH_USD", "taker_side": "BUY", "timestamp": "2018-07-16T20:12:27.163708Z", "time_exchange": "2018-07-16T20:12:27.163708Z", "type": "trade", "uuid": "9e833123-4746-46df-afa2-9f719c8d8f5b"}
{"coins": ["BTC"], "price": 5143.126927636273, "sequence": 7113, "size": 45.67871843807448, "symbol_id": "COINBASE_SPOT_BTC_USD", "taker_side": "BUY_ESTIMATED", "timestamp": "2018-07-16T20:12:27.699611Z", "time_exchange": "2018-07-16T20:12:27.699611Z", "type": "trade", "uuid": "620c2487-60b6-450b-9d07-3bafe14dcfc6"}
{"coins": ["LTC"], "price": 78.08016628578869, "sequence": 7178, "size": 36.35891777948083, "symbol_id": "COINBASE_SPOT_LTC_USD", "taker_side": "SELL_ESTIMATED", "timestamp": "2018-07-16T20:12:28.159181Z", "time_exchange": "2018-07-16T20:12:28.159181Z", "type": "trade", "uuid": "a5774151-16ce-43d4-8bad-0b0827b0cc0b"}
{"coins": ["LTC"], "price": 70.45033534267293, "sequence": 7274, "size": 65.96544362737475, "symbol_id": "COINBASE_SPOT_LTC_USD", "taker_side": "BUY_ESTIMATED", "timestamp": "2018-07-16T20:12:28.538590Z", "time_exchange": "2018-07-16T20:12:28.538590Z", "type": "trade", "uuid": "a0ed5be5-1572-4251-8adf-f29f836fc98f"}
{"coins": ["ETH"], "price": 493.5749075221898, "sequence": 7345, "size": 49.69486217329386, "symbol_id": "COINBASE_SPOT_ETH_USD", "taker_side": "BUY", "timestamp": "2018-07-16T20:12:29.216488Z", "time_exchange": "2018-07-16T20:12:29.216488Z", "type": "trade", "uuid": "836e3041-7300-4025-adba-641139b7b18c"}
{"coins": ["BTC"], "price": 5220.915672729016, "sequence": 7376, "size": 97.826138511934, "symbol_id": "COINBASE_SPOT_BTC_USD", "taker_side": "BUY", "timestamp": "2018-07-16T20:12:29.714619Z", "time_exchange": "2018-07-16T20:12:29.714619Z", "type": "trade", "uuid": "ac19b323-8395-4537-8e6c-acac9e0bfa10"}
{"coins": ["BTC"], "price": 5192.083363772036, "sequence": 7426, "size": 85.40553619701623, "symbol_id": "COINBASE_SPOT_BTC_USD", "taker_side": "BUY", "timestamp": "2018-07-16T20:12:30.516092Z", "time_exchange": "2018-07-16T20:12:30.516092Z", "type": "trade", "uuid": "046509d5-8192-4665-97c7-a31aad42ab1d"}
{"coins": ["LTC"], "price": 74.61059070061356, "sequence": 7520, "size": 56.52306516942049, "symbol_id": "COINBASE_SPOT_LTC_USD", "taker_side": "BUY", "timestamp": "2018-07-16T20:12:31.326573Z", "time_exchange": "2018-07-16T20:12:31.326573Z", "type": "trade", "uuid": "fbdf9c0e-4e65-4752-9547-c685a66cf938"}
{"coins": ["ETH"], "price": 462.67367600789044, "sequence": 7549, "size": 69.09788922677348, "symbol_id": "COINBASE_SPOT_ETH_USD", "taker_side": "SELL_ESTIMATED", "timestamp": "2018-07-16T20:12:31.774356Z", "time_exchange": "2018-07-16T20:12:31.774356Z", "type": "trade", "uuid": "d866c932-945f-4745-9301-7751eb3cdd1f"}
{"coins": ["BTC"], "price": 5239.511355399157, "sequence": 7640, "size": 19.241638201202328, "symbol_id": "COINBASE_SPOT_BTC_USD", "taker_side": "SELL_ESTIMATED", "timestamp": "2018-07-16T20:12:32.362943Z", "time_exchange": "2018-07-16T20:12:32.362943Z", "type": "trade", "uuid": "2db75241-8c44-487f-836e-787d02db07d8"}
{"coins": ["ETH"], "price": 468.5544720743633, "sequence": 7665, "size": 48.053764610075625, "symbol_id": "COINBASE_SPOT_ETH_USD", "taker_side": "BUY_ESTIMATED", "timestamp": "2018-07-16T20:12:33.136857Z", "time_exchange": "2018-07-16T20:12:33.136857Z", "type": "trade", "uuid": "25e23452-53ba-47e3-974b-df7627d47aaf"}
{"coins": ["LTC"], "price": 73.10818738930068, "sequence": 7691, "size": 37.09750774225136, "symbol_id": "COINBASE_SPOT_LTC_USD", "taker_side": "BUY_ESTIMATED", "timestamp": "2018-07-16T20:12:34.002295Z", "time_exchange": "2018-07-16T20:12:34.002295Z", "type": "trade", "uuid": "be501aaa-7b8b-4faa-9b1e-4c58d59d0795"}
{"coins": ["ETH"], "price": 491.5861561604481, "sequence": 7770, "size": 93.74058146765171, "symbol_id": "COINBASE_SPOT_ETH_USD", "taker_side": "SELL", "timestamp": "2018-07-16T20:12:34.474287Z", "time_exchange": "2018-07-16T20:12:34.474287Z", "type": "trade", "uuid": "c9008bda-38d2-4257-901f-0901b2eb5006"}
{"coins": ["BTC"], "price": 5124.68111278291, "sequence": 7825, "size": 5.6996457411881085, "symbol_id": "COINBASE_SPOT_BTC_USD", "taker_side": "BUY", "timestamp": "2018-07-16T20:12:34.907704Z", "time_exchange": "2018-07-16T20:12:34.907704Z", "type": "trade", "uuid": "36c1a916-05e3-488d-b9bc-f2748dbece43"}
{"coins": ["ETH"], "price": 454.1810642150092, "sequence": 7856, "size": 50.15809504766281, "symbol_id": "COINBASE_SPOT_ETH_USD", "taker_side": "BUY_ESTIMATED", "timestamp": "2018-07-16T20:12:35.268906Z", "time_exchange": "2018-07-16T20:12:35.268906Z", "type": "trade", "uuid": "7d6a2862-f873-4d2d-b06d-a4f9dedd3e42"}
{"coins": ["ETH"], "price": 473.63391892258437, "sequence": 7898, "size": 31.312260939351567, "symbol_id": "COINBASE_SPOT_ETH_USD", "taker_side": "SELL", "timestamp": "2018-07-16T20:12:35.834693Z", "time_exchange": "2018-07-16T20:12:35.834693Z", "type": "trade", "uuid": "242b8511-8460-468e-91e2-c605c348388c"}
{"coins": ["LTC"], "price": 69.30387275440808, "sequence": 7969, "size": 1.9027000761965729, "symbol_id": "COINBASE_SPOT_LTC_USD", "taker_side": "SELL_ESTIMATED", "timestamp": "2018-07-16T20:12:36.669135Z", "time_exchange": "2018-07-16T20:12:36.669135Z", "type": "trade", "uuid": "66770b61-7b86-4693-91f7-6b1234480976"}
{"coins": ["ETH"], "price": 525.6260961457981, "sequence": 8038, "size": 92.27042292018098, "symbol_id": "COINBASE_SPOT_ETH_USD", "taker_side": "SELL_ESTIMATED", "timestamp": "2018-07-16T20:12:37.367562Z", "time_exchange": "2018-07-16T20:12:37.367562Z", "type": "trade", "uuid": "f228bfdc-a7ee-4e06-aac9-06476f3d3631"}
{"coins": ["ETH"], "price": 542.8546577464158, "sequence": 8068, "size": 80.62866280566372, "symbol_id": "COINBASE_SPOT_ETH_USD", "taker_side": "BUY_ESTIMATED", "timestamp": "2018-07-16T20:12:37.708939Z", "time_exchange": "2018-07-16T20:12:37.708939Z", "type": "trade", "uuid": "53a79ab6-35a3-4873-9c67-a985b5663dd2"}
{"coins": ["LTC"], "price": 70.3208595241899, "sequence": 8164, "size": 86.02314125900871, "symbol_id": "COINBASE_SPOT_LTC_USD", "taker_side": "BUY", "timestamp": "2018-07-16T20:12:38.202458Z", "time_exchange": "2018-07-16T20:12:38.202458Z", "type": "trade", "uuid": "a0837c61-48c4-439f-8248-7d433a779e75"}
{"coins": ["BTC"], "price": 5250.342018633017, "sequence": 8198, "size": 69.41356273562963, "symbol_id": "COINBASE_SPOT_BTC_USD", "taker_side": "BUY_ESTIMATED", "timestamp": "2018-07-16T20:12:38.928628Z", "time_exchange": "2018-07-16T20:12:38.928628Z", "type": "trade", "uuid": "33b9cc9c-1f4d-45ad-a079-b1fc2650e564"}
{"coins": ["BTC"], "price": 4708.05482611358, "sequence": 8210, "size": 12.26866799098082, "symbol_id": "COINBASE_SPOT_BTC_USD", "taker_side": "SELL_ESTIMATED", "timestamp": "2018-07-16T20:12:39.651710Z", "time_exchange": "2018-07-16T20:12:39.651710Z", "type": "trade", "uuid": "1cb1bc87-c472-4bc2-8084-e9c7753b8d85"}
{"coins": ["BTC"], "price": 4827.475298231281, "sequence": 8299, "size": 81.1287370922213, "symbol_id": "COINBASE_SPOT_BTC_USD", "taker_side": "SELL_ESTIMATED", "timestamp": "2018-07-16T20:12:40.238485Z", "time_exchange": "2018-07-16T20:12:40.238485Z", "type": "trade", "uuid": "b262aef3-9007-463f-9643-0593b62825c1"}
{"coins": ["LTC"], "price": 65.07302764748478, "sequence": 8309, "size": 25.23687117909208, "symbol_id": "COINBASE_SPOT_LTC_USD", "taker_side": "SELL", "timestamp": "2018-07-16T20:12:40.901677Z", "time_exchange": "2018-07-16T20:12:40.901677Z", "type": "trade", "uuid": "93f2fba1-33f6-4732-a0ac-d970e7a72051"}
{"coins": ["ETH"], "price": 546.0287048136953, "sequence": 8396, "size": 36.70858231385107, "symbol_id": "COINBASE_SPOT_ETH_USD", "taker_side": "BUY_ESTIMATED", "timestamp": "2018-07-16T20:12:41.453035Z", "time_exchange": "2018-07-16T20:12:41.453035Z", "type": "trade", "uuid": "bec55341-b269-466a-a62d-7d206e114ae9"}
{"coins": ["LTC"], "price": 69.36506158775107, "sequence": 8462, "size": 14.92578695946889, "symbol_id": "COINBASE_SPOT_LTC_USD", "taker_side": "BUY_ESTIMATED", "timestamp": "2018-07-16T20:12:41.895427Z", "time_exchange": "2018-07-16T20:12:41.895427Z", "type": "trade", "uuid": "efbb1ef1-71b2-4d54-9be3-63a0f3120421"}
{"coins": ["BTC"], "price": 5016.809063698112, "sequence": 8465, "size": 82.24306536083265, "symbol_id": "COINBASE_SPOT_BTC_USD", "taker_side": "SELL_ESTIMATED", "timestamp": "2018-07-16T20:12:42.252331Z", "time_exchange": "2018-07-16T20:12:42.252331Z", "type": "trade", "uuid": "ff48e747-0ddb-47dd-8c1a-cf061aabe39b"}
{"coins": ["LTC"], "price": 76.43935311933726, "sequence": 8498, "size": 93.0650073815516, "symbol_id": "COINBASE_SPOT_LTC_USD", "taker_side": "SELL", "timestamp": "2018-07-16T20:12:43.079390Z", "time_exchange": "2018-07-16T20:12:43.079390Z", "type": "trade", "uuid": "2cea60be-53c8-4ba1-b1c1-0943f7aefaae"}
{"coins": ["LTC"], "price": 70.55221031205598, "sequence": 8530, "size": 50.82389468131267, "symbol_id": "COINBASE_SPOT_LTC_USD", "taker_side": "BUY_ESTIMATED", "timestamp": "2018-07-16T20:12:43.926214Z", "time_exchange": "2018-07-16T20:12:43.926214Z", "type": "trade", "uuid": "6645a559-b13d-40b7-b9fc-ff13b93bbad5"}
{"coins": ["BTC"], "price": 5402.220332861273, "sequence": 8575, "size": 13.45032144402446, "symbol_id": "COINBASE_SPOT_BTC_USD", "taker_side": "SELL", "timestamp": "2018-07-16T20:12:44.818044Z", "time_exchange": "2018-07-16T20:12:44.818044Z", "type": "trade", "uuid": "cba95882-2bcf-4dae-a96c-e737c82a2073"}
{"coins": ["LTC"], "price": 63.47822569023231, "sequence": 8656, "size": 94.9908669489969, "symbol_id": "COINBASE_SPOT_LTC_USD", "taker_side": "SELL", "timestamp": "2018-07-16T20:12:45.622218Z", "time_exchange": "2018-07-16T20:12:45.622218Z", "type": "trade", "uuid": "dbdc18cc-4e01-4156-875d-f97080ffa554"}
{"coins": ["BTC"], "price": 5355.597515354099, "sequence": 8671, "size": 11.806591657023812, "symbol_id": "COINBASE_SPOT_BTC_USD", "taker_side": "SELL", "timestamp": "2018-07-16T20:12:46.352055Z", "time_exchange": "2018-07-16T20:12:46.352055Z", "type": "trade", "uuid": "062aa8b6-ba43-4d4f-8dbe-7c3167810cb4"}
{"coins": ["LTC"], "price": 68.45351746014423, "sequence": 8697, "size": 95.52329252271032, "symbol_id": "COINBASE_SPOT_LTC_USD", "taker_side": "BUY", "timestamp": "2018-07-16T20:12:46.685829Z", "time_exchange": "2018-07-16T20:12:46.685829Z", "type": "trade", "uuid": "97b334d7-7206-411e-affd-a1695830de5a"}
{"coins": ["BTC"], "price": 5019.216733638905, "sequence": 8750, "size": 14.480302455407024, "symbol_id": "COINBASE_SPOT_BTC_USD", "taker_side": "SELL_ESTIMATED", "timestamp": "2018-07-16T20:12:47.029876Z", "time_exchange": "2018-07-16T20:12:47.029876Z", "type": "trade", "uuid": "6f185c03-34a1-4bf7-b38d-798e7254fd3c"}
{"coins": ["ETH"], "price": 547.6509132370888, "sequence": 8836, "size": 68.33319412726505, "symbol_id": "COINBASE_SPOT_ETH_USD", "taker_side": "BUY_ESTIMATED", "timestamp": "2018-07-16T20:12:47.513558Z", "time_exchange": "2018-07-16T20:12:47.513558Z", "type": "trade", "uuid": "3da43229-389c-4df8-b616-c0f29c23acf8"}
{"coins": ["BTC"], "price": 4928.561026618595, "sequence": 8849, "size": 87.33864820813366, "symbol_id": "COINBASE_SPOT_BTC_USD", "taker_side": "SELL_ESTIMATED", "timestamp": "2018-07-16T20:12:48.260983Z", "time_exchange": "2018-07-16T20:12:48.260983Z", "type": "trade", "uuid": "2802dfc8-d5e6-4d5a-a562-14ca1b2e4384"}
{"coins": ["ETH"], "price": 535.1618099506414, "sequence": 8878, "size": 43.00676710384762, "symbol_id": "COINBASE_SPOT_ETH_USD", "taker_side": "SELL", "timestamp": "2018-07-16T20:12:48.623561Z", "time_exchange": "2018-07-16T20:12:48.623561Z", "type": "trade", "uuid": "b7a5d533-e9f4-44a8-8cd8-40b666b3b482"}
{"coins": ["LTC"], "price": 68.33515515177349, "sequence": 8888, "size": 69.8393951410115, "symbol_id": "COINBASE_SPOT_LTC_USD", "taker_side": "SELL_ESTIMATED", "timestamp": "2018-07-16T20:12:49.234899Z", "time_exchange": "2018-07-16T20:12:49.234899Z", "type": "trade", "uuid": "cea7d3f4-a918-4df3-8216-c41547e173fb"}
{"coins": ["LTC"], "price": 71.82905381449153, "sequence": 8944, "size": 4.144249499844332, "symbol_id": "COINBASE_SPOT_LTC_USD", "taker_side": "SELL", "timestamp": "2018-07-16T20:12:49.869155Z", "time_exchange": "2018-07-16T20:12:49.869155Z", "type": "trade", "uuid": "e6898aea-7abd-442a-a2ca-fee444c428fc"}
{"coins": ["BTC"], "price": 4879.482395650183, "sequence": 8976, "size": 36.09780220050417, "symbol_id": "COINBASE_SPOT_BTC_USD", "taker_side": "SELL_ESTIMATED", "timestamp": "2018-07-16T20:12:50.392358Z", "time_exchange": "2018-07-16T20:12:50.392358Z", "type": "trade", "uuid": "542eedd0-b6a0-42d2-9c45-4448195fff10"}
{"coins": ["LTC"], "price": 67.4116729366482, "sequence": 9010, "size": 45.43320895101406, "symbol_id": "COINBASE_SPOT_LTC_USD", "taker_side": "SELL_ESTIMATED", "timestamp": "2018-07-16T20:12:51.010328Z", "time_exchange": "2018-07-16T20:12:51.010328Z", "type": "trade", "uuid": "3cb8a4f3-58a3-4ca7-a83c-f659cb61f82e"}
{"coins": ["LTC"], "price": 67.12492456480228, "sequence": 9027, "size": 63.31810092359363, "symbol_id": "COINBASE_SPOT_LTC_USD", "taker_side": "SELL_ESTIMATED", "timestamp": "2018-07-16T20:12:51.393086Z", "time_exchange": "2018-07-16T20:12:51.393086Z", "type": "trade", "uuid": "c4bd6768-5c6b-4f46-a75c-ef3c160775dd"}
{"coins": ["LTC"], "price": 66.98246843042755, "sequence": 9087, "size": 42.229042233939396, "symbol_id": "COINBASE_SPOT_LTC_USD", "taker_side": "SELL_ESTIMATED", "timestamp": "2018-07-16T20:12:52.124568Z", "time_exchange": "2018-07-16T20:12:52.124568Z", "type": "trade", "uuid": "cd4d083e-5f0d-400d-a86b-649d92099308"}
{"coins": ["ETH"], "price": 553.1284253027816, "sequence": 9140, "size": 17.74685522740086, "symbol_id": "COINBASE_SPOT_ETH_USD", "taker_side": "SELL", "timestamp": "2018-07-16T20:12:52.898038Z", "time_exchange": "2018-07-16T20:12:52.898038Z", "type": "trade", "uuid": "95f62bf2-c693-4503-8681-9cbacd0fb463"}
{"coins": ["LTC"], "price": 66.91772596383748, "sequence": 9204, "size": 71.59532543101241, "symbol_id": "COINBASE_SPOT_LTC_USD", "taker_side": "SELL_ESTIMATED", "timestamp": "2018-07-16T20:12:53.580477Z", "time_exchange": "2018-07-16T20:12:53.580477Z", "type": "trade", "uuid": "4590f6cd-0fc1-4d47-a0c6-783ac0e40f56"}
{"coins": ["LTC"], "price": 62.074527872757194, "sequence": 9289, "size": 80.99217712140928, "symbol_id": "COINBASE_SPOT_LTC_USD", "taker_side": "BUY", "timestamp": "2018-07-16T20:12:53.893396Z", "time_exchange": "2018-07-16T20:12:53.893396Z", "type": "trade", "uuid": "cc655625-7eee-492a-a9a2-9dacd6796f02"}
{"coins": ["LTC"], "price": 64.32305992593682, "sequence": 9324, "size": 80.01121067520397, "symbol_id": "COINBASE_SPOT_LTC_USD", "taker_side": "BUY_ESTIMATED", "timestamp": "2018-07-16T20:12:54.335829Z", "time_exchange": "2018-07-16T20:12:54.335829Z", "type": "trade", "uuid": "1f5b2efb-cc96-4300-9cd3-5b530e0bd216"}
{"coins": ["LTC"], "price": 60.837044058124484, "sequence": 9424, "size": 78.45768070578899, "symbol_id": "COINBASE_SPOT_LTC_USD", "taker_side": "SELL_ESTIMATED", "timestamp": "2018-07-16T20:12:55.173221Z", "time_exchange": "2018-07-16T20:12:55.173221Z", "type": "trade", "uuid": "5181e7de-4535-4dd5-bb1f-a0f784bb33da"}
{"coins": ["BTC"], "price": 4617.711005915235, "sequence": 9465, "size": 67.7182149591909, "symbol_id": "COINBASE_SPOT_BTC_USD", "taker_side": "SELL", "timestamp": "2018-07-16T20:12:55.769089Z", "time_exchange": "2018-07-16T20:12:55.769089Z", "type": "trade", "uuid": "b729bd9d-0a24-4cca-bf67-cdb4cbd97651"}
{"coins": ["LTC"], "price": 62.525841997547204, "sequence": 9542, "size": 47.28132894935464, "symbol_id": "COINBASE_SPOT_LTC_USD", "taker_side": "SELL", "timestamp": "2018-07-16T20:12:56.525002Z", "time_exchange": "2018-07-16T20:12:56.525002Z", "type": "trade", "uuid": "175ca937-7c37-4095-bddd-4fb105ef936a"}
{"coins": ["ETH"], "price": 567.2846102191365, "sequence": 9561, "size": 57.40145667806708, "symbol_id": "COINBASE_SPOT_ETH_USD", "taker_side": "SELL", "timestamp": "2018-07-16T20:12:56.957381Z", "time_exchange": "2018-07-16T20:12:56.957381Z", "type": "trade", "uuid": "bf570a14-3f4d-43b2-acf6-e8d2217b7a62"}
{"coins": ["LTC"], "price": 59.85134241639372, "sequence": 9629, "size": 84.75017154986593, "symbol_id": "COINBASE_SPOT_LTC_USD", "taker_side": "BUY_ESTIMATED", "timestamp": "2018-07-16T20:12:57.474903Z", "time_exchange": "2018-07-16T20:12:57.474903Z", "type": "trade", "uuid": "31e87c12-1868-4893-8df9-6476cc38c8ca"}
{"coins": ["BTC"], "price": 4836.859334373301, "sequence": 9702, "size": 82.13252562180625, "symbol_id": "COINBASE_SPOT_BTC_USD", "taker_side": "SELL", "timestamp": "2018-07-16T20:12:58.012424Z", "time_exchange": "2018-07-16T20:12:58.012424Z", "type": "trade", "uuid": "adfeaf3f-6002-40f8-8fbf-8eb9192e4225"}
{"coins": ["LTC"], "price": 52.95815223550631, "sequence": 9785, "size": 58.24042187666328, "symbol_id": "COINBASE_SPOT_LTC_USD", "taker_side": "SELL_ESTIMATED", "timestamp": "2018-07-16T20:12:58.453575Z", "time_exchange": "2018-07-16T20:12:58.453575Z", "type": "trade", "uuid": "52ba1247-516d-431c-97ca-e1db3bb64180"}
{"coins": ["LTC"], "price": 51.658176353561586, "sequence": 9831, "size": 4.944178766338991, "symbol_id": "COINBASE_SPOT_LTC_USD", "taker_side": "SELL_ESTIMATED", "timestamp": "2018-07-16T20:12:59.274572Z", "time_exchange": "2018-07-16T20:12:59.274572Z", "type": "trade", "uuid": "2498194b-ca7d-43b9-a833-f28d94c272d8"}
{"coins": ["BTC"], "price": 4907.788398424456, "sequence": 9894, "size": 6.153394827654268, "symbol_id": "COINBASE_SPOT_BTC_USD", "taker_side": "BUY_ESTIMATED", "timestamp": "2018-07-16T20:12:59.898326Z", "time_exchange": "2018-07-16T20:12:59.898326Z", "type": "trade", "uuid": "162409b0-ed17-4368-9161-46066daf3a3d"}
{"coins": ["BTC"], "price": 4961.547167598181, "sequence": 9923, "size": 70.07399249153755, "symbol_id": "COINBASE_SPOT_BTC_USD", "taker_side": "SELL", "timestamp": "2018-07-16T20:13:00.434758Z", "time_exchange": "2018-07-16T20:13:00.434758Z", "type": "trade", "uuid": "a76abf6b-a54a-4f68-aabd-4934ec2183fd"}
{"coins": ["ETH"], "price": 554.6483532432242, "sequence": 9938, "size": 22.725652481148494, "symbol_id": "COINBASE_SPOT_ETH_USD", "taker_side": "BUY", "timestamp": "2018-07-16T20:13:00.926743Z", "time_exchange": "2018-07-16T20:13:00.926743Z", "type": "trade", "uuid": "16128a59-de56-4b19-86b5-257d04d90ab1"}
{"coins": ["ETH"], "price": 528.4471617567305, "sequence": 9980, "size": 68.41038576574769, "symbol_id": "COINBASE_SPOT_ETH_USD", "taker_side": "SELL_ESTIMATED", "timestamp": "2018-07-16T20:13:01.399459Z", "time_exchange": "2018-07-16T20:13:01.399459Z", "type": "trade", "uuid": "a5ad76f6-da98-4f8f-a26a-b21cd8fa908a"}
{"coins": ["LTC"], "price": 50.83614088129651, "sequence": 10050, "size": 63.65867907220658, "symbol_id": "COINBASE_SPOT_LTC_USD", "taker_side": "BUY_ESTIMATED", "timestamp": "2018-07-16T20:13:02.199977Z", "time_exchange": "2018-07-16T20:13:02.199977Z", "type": "trade", "uuid": "241284a7-603d-4ce2-a547-e0f012a1e3da"}
{"coins": ["BTC"], "price": 4615.133989450177, "sequence": 10119, "size": 36.378775348619385, "symbol_id": "COINBASE_SPOT_BTC_USD", "taker_side": "BUY_ESTIMATED", "timestamp": "2018-07-16T20:13:03.037048Z", "time_exchange": "2018-07-16T20:13:03.037048Z", "type": "trade", "uuid": "56bd7f37-8add-4a57-bf73-a8465d3c6834"}
{"coins": ["BTC"], "price": 4365.770716257941, "sequence": 10133, "size": 59.52060546849104, "symbol_id": "COINBASE_SPOT_BTC_USD", "taker_side": "SELL_ESTIMATED", "timestamp": "2018-07-16T20:13:03.445334Z", "time_exchange": "2018-07-16T20:13:03.445334Z", "type": "trade", "uuid": "f45a2102-bd50-4b76-86b2-af520fdd5222"}
{"coins": ["LTC"], "price": 50.573604165063514, "sequence": 10166, "size": 70.77233880016519, "symbol_id": "COINBASE_SPOT_LTC_USD", "taker_side": "SELL_ESTIMATED", "timestamp": "2018-07-16T20:13:04.068979Z", "time_exchange": "2018-07-16T20:13:04.068979Z", "type": "trade", "uuid": "1bf42689-fa75-422d-8992-137ccbbea795"}
{"coins": ["ETH"], "price": 538.0259842643496, "sequence": 10231, "size": 23.405225701886824, "symbol_id": "COINBASE_SPOT_ETH_USD", "taker_side": "SELL_ESTIMATED", "timestamp": "2018-07-16T20:13:04.482590Z", "time_exchange": "2018-07-16T20:13:04.482590Z", "type": "trade", "uuid": "1e554b68-7267-4121-9880-71b3b2b0753a"}
{"coins": ["LTC"], "price": 49.84517481560941, "sequence": 10292, "size": 66.48735427799704, "symbol_id": "COINBASE_SPOT_LTC_USD", "taker_side": "SELL_ESTIMATED", "timestamp": "2018-07-16T20:13:05.289313Z", "time_exchange": "2018-07-16T20:13:05.289313Z", "type": "trade", "uuid": "e0370386-9b8d-4b42-aa93-827d27ae5ad1"}
{"coins": ["ETH"], "price": 525.2021070925724, "sequence": 10384, "size": 25.742195053369077, "symbol_id": "COINBASE_SPOT_ETH_USD", "taker_side": "SELL", "timestamp": "2018-07-16T20:13:06.000224Z", "time_exchange": "2018-07-16T20:13:06.000224Z", "type": "trade", "uuid": "e6c32d51-ef62-4dd0-bcf8-11c3feb7eb50"}
{"coins": ["ETH"], "price": 495.166928444685, "sequence": 10469, "size": 34.09202127039993, "symbol_id": "COINBASE_SPOT_ETH_USD", "taker_side": "SELL_ESTIMATED", "timestamp": "2018-07-16T20:13:06.342511Z", "time_exchange": "2018-07-16T20:13:06.342511Z", "type": "trade", "uuid": "fbcc505d-9340-4792-9118-9a6be79de5da"}
{"coins": ["BTC"], "price": 4398.55536647861, "sequence": 10528, "size": 60.704485194656655, "symbol_id": "COINBASE_SPOT_BTC_USD", "taker_side": "BUY_ESTIMATED", "timestamp": "2018-07-16T20:13:07.178839Z", "time_exchange": "2018-07-16T20:13:07.178839Z", "type": "trade", "uuid": "49f7b164-e1ab-4bcf-9956-ad4ae0fbcf9a"}
{"coins": ["LTC"], "price": 49.340912609126555, "sequence": 10619, "size": 7.4797123790477755, "symbol_id": "COINBASE_SPOT_LTC_USD", "taker_side": "BUY", "timestamp": "2018-07-16T20:13:07.766428Z", "time_exchange": "2018-07-16T20:13:07.766428Z", "type": "trade", "uuid": "1e4815be-4847-44de-8fbf-68b6d08b25d0"}
{"coins": ["LTC"], "price": 51.935551982934605, "sequence": 10646, "size": 90.62125963699734, "symbol_id": "COINBASE_SPOT_LTC_USD", "taker_side": "SELL_ESTIMATED", "timestamp": "2018-07-16T20:13:08.537057Z", "time_exchange": "2018-07-16T20:13:08.537057Z", "type": "trade", "uuid": "61ffd5e9-a1c1-4013-bc4c-d99c2e8545cf"}
{"coins": ["ETH"], "price": 529.7873161060393, "sequence": 10736, "size": 95.53039579591844, "symbol_id": "COINBASE_SPOT_ETH_USD", "taker_side": "SELL", "timestamp": "2018-07-16T20:13:08.897332Z", "time_exchange": "2018-07-16T20:13:08.897332Z", "type": "trade", "uuid": "0ffdc5be-1536-4c05-8b45-ec849809af9e"}
{"coins": ["ETH"], "price": 504.32030689522526, "sequence": 10765, "size": 4.1564490974398405, "symbol_id": "COINBASE_SPOT_ETH_USD", "taker_side": "SELL_ESTIMATED", "timestamp": "2018-07-16T20:13:09.601748Z", "time_exchange": "2018-07-16T20:13:09.601748Z", "type": "trade", "uuid": "af21eb51-f011-4a5d-8f7a-83b1c580562a"}
{"coins": ["LTC"], "price": 50.26076509549798, "sequence": 10828, "size": 9.55675390511126, "symbol_id": "COINBASE_SPOT_LTC_USD", "taker_side": "BUY_ESTIMATED", "timestamp": "2018-07-16T20:13:09.905352Z", "time_exchange": "2018-07-16T20:13:09.905352Z", "type": "trade", "uuid": "bc006132-6e65-4394-a891-cc8253657ecb"}
{"coins": ["LTC"], "price": 50.514282443640425, "sequence": 10873, "size": 78.50696350195811, "symbol_id": "COINBASE_SPOT_LTC_USD", "taker_side": "SELL_ESTIMATED", "timestamp": "2018-07-16T20:13:10.805783Z", "time_exchange": "2018-07-16T20:13:10.805783Z", "type": "trade", "uuid": "4493e007-7187-4aff-89ad-8478d3d8d50f"}
{"coins": ["LTC"], "price": 56.75776021174269, "sequence": 10964, "size": 6.641160331309603, "symbol_id": "COINBASE_SPOT_LTC_USD", "taker_side": "SELL_ESTIMATED", "timestamp": "2018-07-16T20:13:11.152522Z", "time_exchange": "2018-07-16T20:13:11.152522Z", "type": "trade", "uuid": "a479dbbf-799d-4e64-8198-22d6c9ec131d"}
{"coins": ["BTC"], "price": 4553.095565648191, "sequence": 11063, "size": 32.54931554768656, "symbol_id": "COINBASE_SPOT_BTC_USD", "taker_side": "SELL_ESTIMATED", "timestamp": "2018-07-16T20:13:11.861259Z", "time_exchange": "2018-07-16T20:13:11.861259Z", "type": "trade", "uuid": "2ba39008-c01b-49a7-9f93-67ce78295001"}
{"coins": ["ETH"], "price": 522.5801172576656, "sequence": 11146, "size": 87.17733217801047, "symbol_id": "COINBASE_SPOT_ETH_USD", "taker_side": "BUY_ESTIMATED", "timestamp": "2018-07-16T20:13:12.385874Z", "time_exchange": "2018-07-16T20:13:12.385874Z", "type": "trade", "uuid": "ba1399f2-a7ab-476f-b457-d8c6e285826a"}
{"coins": ["ETH"], "price": 541.8214761560289, "sequence": 11220, "size": 25.8771162326217, "symbol_id": "COINBASE_SPOT_ETH_USD", "taker_side": "SELL_ESTIMATED", "timestamp": "2018-07-16T20:13:13.223222Z", "time_exchange": "2018-07-16T20:13:13.223222Z", "type": "trade", "uuid": "aadf5d3c-7cfe-4a45-9dcc-9bbedd0cc2dd"}
{"coins": ["LTC"], "price": 58.05247837256776, "sequence": 11307, "size": 74.73252809963087, "symbol_id": "COINBASE_SPOT_LTC_USD", "taker_side": "SELL", "timestamp": "2018-07-16T20:13:13.994932Z", "time_exchange": "2018-07-16T20:13:13.994932Z", "type": "trade", "uuid": "737962ef-c019-4059-8866-dcb0f227520e"}
{"coins": ["LTC"], "price": 61.785026038021506, "sequence": 11395, "size": 35.65562954446291, "symbol_id": "COINBASE_SPOT_LTC_USD", "taker_side": "BUY_ESTIMATED", "timestamp": "2018-07-16T20:13:14.594775Z", "time_exchange": "2018-07-16T20:13:14.594775Z", "type": "trade", "uuid": "fe205ce8-b1f5-4aca-93fd-5babc4dc1d3a"}
{"coins": ["BTC"], "price": 4593.683866210588, "sequence": 11482, "size": 35.5958736472232, "symbol_id": "COINBASE_SPOT_BTC_USD", "taker_side": "BUY_ESTIMATED", "timestamp": "2018-07-16T20:13:15.307178Z", "time_exchange": "2018-07-16T20:13:15.307178Z", "type": "trade", "uuid": "b3aac025-4c01-4680-a050-fae543b0e4e1"}
{"coins": ["LTC"], "price": 63.215841897903104, "sequence": 11532, "size": 81.1299376069589, "symbol_id": "COINBASE_SPOT_LTC_USD", "taker_side": "SELL_ESTIMATED", "timestamp": "2018-07-16T20:13:15.958536Z", "time_exchange": "2018-07-16T20:13:15.958536Z", "type": "trade", "uuid": "98bb5c33-1229-422d-9177-5d134c43e9e6"}
{"coins": ["LTC"], "price": 71.24968048246386, "sequence": 11607, "size": 2.515803713827336, "symbol_id": "COINBASE_SPOT_LTC_USD", "taker_side": "SELL_ESTIMATED", "timestamp": "2018-07-16T20:13:16.520949Z", "time_exchange": "2018-07-16T20:13:16.520949Z", "type": "trade", "uuid": "7af90b7e-2ba0-4eae-9530-1ec8c347ecaa"}
{"coins": ["ETH"], "price": 553.5468724752957, "sequence": 11612, "size": 32.9817186455818, "symbol_id": "COINBASE_SPOT_ETH_USD", "taker_side": "SELL", "timestamp": "2018-07-16T20:13:17.398095Z", "time_exchange": "2018-07-16T20:13:17.398095Z", "type": "trade", "uuid": "bd8f8115-0607-4522-a62e-ef010c75e3b5"}
{"coins": ["ETH"], "price": 574.8193343697812, "sequence": 11675, "size": 54.498938363779104, "symbol_id": "COINBASE_SPOT_ETH_USD", "taker_side": "SELL_ESTIMATED", "timestamp": "2018-07-16T20:13:18.122563Z", "time_exchange": "2018-07-16T20:13:18.122563Z", "type": "trade", "uuid": "befc139e-7fd0-411d-8801-5dd35c159283"}
{"coins": ["LTC"], "price": 65.69575970482346, "sequence": 11705, "size": 93.36428554965791, "symbol_id": "COINBASE_SPOT_LTC_USD", "taker_side": "BUY_ESTIMATED", "timestamp": "2018-07-16T20:13:18.824679Z", "time_exchange": "2018-07-16T20:13:18.824679Z", "type": "trade", "uuid": "c21356dd-07fa-4203-8c2c-3c37b6177cdd"}
{"coins": ["LTC"], "price": 70.0887924821326, "sequence": 11772, "size": 73.24857579555453, "symbol_id": "COINBASE_SPOT_LTC_USD", "taker_side": "SELL", "timestamp": "2018-07-16T20:13:19.235720Z", "time_exchange": "2018-07-16T20:13:19.235720Z", "type": "trade", "uuid": "46e007be-0e39-4da6-9dd2-35fc608aea31"}
{"coins": ["LTC"], "price": 70.62726681869715, "sequence": 11870, "size": 43.39766788927896, "symbol_id": "COINBASE_SPOT_LTC_USD", "taker_side": "BUY", "timestamp": "2018-07-16T20:13:19.958437Z", "time_exchange": "2018-07-16T20:13:19.958437Z", "type": "trade", "uuid": "a46f9a80-9579-427e-98e1-d766a5e360d1"}
{"coins": ["BTC"], "price": 5066.2352423902585, "sequence": 11924, "size": 65.00279750304307, "symbol_id": "COINBASE_SPOT_BTC_USD", "taker_side": "SELL", "timestamp": "2018-07-16T20:13:20.718217Z", "time_exchange": "2018-07-16T20:13:20.718217Z", "type": "trade", "uuid": "5811a767-dbf2-46d9-93f1-dda7ec3bfdf0"}
{"coins": ["LTC"], "price": 74.05522680295712, "sequence": 12003, "size": 81.13339793172987, "symbol_id": "COINBASE_SPOT_LTC_USD", "taker_side": "SELL", "timestamp": "2018-07-16T20:13:21.475745Z", "time_exchange": "2018-07-16T20:13:21.475745Z", "type": "trade", "uuid": "d9926e35-9f31-450a-a4d0-d0468368e192"}
{"coins": ["LTC"], "price": 70.44733772409909, "sequence": 12045, "size": 75.19405028139668, "symbol_id": "COINBASE_SPOT_LTC_USD", "taker_side": "SELL", "timestamp": "2018-07-16T20:13:22.247872Z", "time_exchange": "2018-07-16T20:13:22.247872Z", "type": "trade", "uuid": "3812ff06-ef7a-4176-8aa0-7d2826832ab3"}
{"coins": ["ETH"], "price": 558.0427631687064, "sequence": 12132, "size": 34.34182076296172, "symbol_id": "COINBASE_SPOT_ETH_USD", "taker_side": "SELL_ESTIMATED", "timestamp": "2018-07-16T20:13:23.055519Z", "time_exchange": "2018-07-16T20:13:23.055519Z", "type": "trade", "uuid": "9f0c8643-0e54-40ea-b6d7-ba208471d539"}
{"coins": ["ETH"], "price": 595.7038749083705, "sequence": 12211, "size": 78.73457144154557, "symbol_id": "COINBASE_SPOT_ETH_USD", "taker_side": "BUY_ESTIMATED", "timestamp": "2018-07-16T20:13:23.623989Z", "time_exchange": "2018-07-16T20:13:23.623989Z", "type": "trade", "uuid": "f20b47b9-2ba1-4c86-8002-4082998e92ed"}
{"coins": ["LTC"], "price": 68.31143224197221, "sequence": 12262, "size": 20.93672888460869, "symbol_id": "COINBASE_SPOT_LTC_USD", "taker_side": "BUY_ESTIMATED", "timestamp": "2018-07-16T20:13:24.407864Z", "time_exchange": "2018-07-16T20:13:24.407864Z", "type": "trade", "uuid": "c8534c4a-5aa4-4cd7-a33c-5ae000e383d4"}
{"coins": ["ETH"], "price": 553.8948167729383, "sequence": 12360, "size": 84.18280605932041, "symbol_id": "COINBASE_SPOT_ETH_USD", "taker_side": "SELL", "timestamp": "2018-07-16T20:13:25.028333Z", "time_exchange": "2018-07-16T20:13:25.028333Z", "type": "trade", "uuid": "8bb08bf5-58f4-4a9a-a1ab-4a4db1c1a037"}
{"coins": ["LTC"], "price": 66.73639114579682, "sequence": 12385, "size": 37.56547913796293, "symbol_id": "COINBASE_SPOT_LTC_USD", "taker_side": "SELL", "timestamp": "2018-07-16T20:13:25.551864Z", "time_exchange": "2018-07-16T20:13:25.551864Z", "type": "trade", "uuid": "f3a971bb-8183-40e5-abc1-0df9300501e7"}
{"coins": ["ETH"], "price": 536.4405661531691, "sequence": 12477, "size": 13.033781737629614, "symbol_id": "COINBASE_SPOT_ETH_USD", "taker_side": "SELL", "timestamp": "2018-07-16T20:13:26.349115Z", "time_exchange": "2018-07-16T20:13:26.349115Z", "type": "trade", "uuid": "a83fca71-ee74-49ed-8967-dba2833158b2"}
{"coins": ["ETH"], "price": 538.8114561408046, "sequence": 12562, "size": 71.87457632460993, "symbol_id": "COINBASE_SPOT_ETH_USD", "taker_side": "BUY_ESTIMATED", "timestamp": "2018-07-16T20:13:26.806414Z", "time_exchange": "2018-07-16T20:13:26.806414Z", "type": "trade", "uuid": "8c10f520-d105-4cb9-bfe3-dd367711e145"}
{"coins": ["BTC"], "price": 4803.544634355606, "sequence": 12638, "size": 62.69483068478298, "symbol_id": "COINBASE_SPOT_BTC_USD", "taker_side": "BUY", "timestamp": "2018-07-16T20:13:27.330966Z", "time_exchange": "2018-07-16T20:13:27.330966Z", "type": "trade", "uuid": "8777c31d-b7d1-41fa-969d-88d588000546"}
{"coins": ["ETH"], "price": 542.1427868943441, "sequence": 12715, "size": 56.748420063893136, "symbol_id": "COINBASE_SPOT_ETH_USD", "taker_side": "BUY_ESTIMATED", "timestamp": "2018-07-16T20:13:27.661042Z", "time_exchange": "2018-07-16T20:13:27.661042Z", "type": "trade", "uuid": "730f60da-4c5b-46fc-a7b0-4c5ea970cf92"}
{"coins": ["BTC"], "price": 4792.909802492465, "sequence": 12758, "size": 27.563988005677608, "symbol_id": "COINBASE_SPOT_BTC_USD", "taker_side": "SELL", "timestamp": "2018-07-16T20:13:28.453921Z", "time_exchange": "2018-07-16T20:13:28.453921Z", "type": "trade", "uuid": "4ea403e9-f9ac-4f28-9155-6823947b2dfb"}
{"coins": ["LTC"], "price": 68.81507105550314, "sequence": 12781, "size": 62.58884471237742, "symbol_id": "COINBASE_SPOT_LTC_USD", "taker_side": "SELL", "timestamp": "2018-07-16T20:13:29.142693Z", "time_exchange": "2018-07-16T20:13:29.142693Z", "type": "trade", "uuid": "fcd90ded-5ede-4eab-92e3-5f52c28f9718"}
{"coins": ["ETH"], "price": 556.8735528029009, "sequence": 12795, "size": 15.962608485351593, "symbol_id": "COINBASE_SPOT_ETH_USD", "taker_side": "SELL", "timestamp": "2018-07-16T20:13:29.695127Z", "time_exchange": "2018-07-16T20:13:29.695127Z", "type": "trade", "uuid": "effce045-3d17-40dc-8c6a-576f5646eb31"}
{"coins": ["ETH"], "price": 572.6079023838112, "sequence": 12804, "size": 49.58637259343626, "symbol_id": "COINBASE_SPOT_ETH_USD", "taker_side": "SELL_ESTIMATED", "timestamp": "2018-07-16T20:13:30.128423Z", "time_exchange": "2018-07-16T20:13:30.128423Z", "type": "trade", "uuid": "18b0ebf3-6ad2-46f6-8b22-e10cc1c24b0a"}
{"coins": ["LTC"], "price": 66.2232381210833, "sequence": 12819, "size": 51.57917907270967, "symbol_id": "COINBASE_SPOT_LTC_USD", "taker_side": "BUY", "timestamp": "2018-07-16T20:13:30.859991Z", "time_exchange": "2018-07-16T20:13:30.859991Z", "type": "trade", "uuid": "f5130fbb-64cd-4063-8746-62b21e06cce1"}
{"coins": ["LTC"], "price": 70.92491481185053, "sequence": 12910, "size": 19.064621495905854, "symbol_id": "COINBASE_SPOT_LTC_USD", "taker_side": "BUY_ESTIMATED", "timestamp": "2018-07-16T20:13:31.377810Z", "time_exchange": "2018-07-16T20:13:31.377810Z", "type": "trade", "uuid": "2f4e8ab1-f2ba-46f0-8be6-5bcc562f101c"}
{"coins": ["BTC"], "price": 5039.167469356534, "sequence": 12929, "size": 12.435805709347768, "symbol_id": "COINBASE_SPOT_BTC_USD", "taker_side": "BUY", "timestamp": "2018-07-16T20:13:32.158675Z", "time_exchange": "2018-07-16T20:13:32.158675Z", "type": "trade", "uuid": "75848865-70fe-4842-a237-905287c5a3af"}
{"coins": ["LTC"], "price": 70.43931138808819, "sequence": 12978, "size": 62.43180780052325, "symbol_id": "COINBASE_SPOT_LTC_USD", "taker_side": "SELL", "timestamp": "2018-07-16T20:13:32.675513Z", "time_exchange": "2018-07-16T20:13:32.675513Z", "type": "trade", "uuid": "d76c234e-5876-47fa-912a-d0a3404fbd49"}
{"coins": ["ETH"], "price": 590.9836694984176, "sequence": 13058, "size": 75.24564994129341, "symbol_id": "COINBASE_SPOT_ETH_USD", "taker_side": "BUY", "timestamp": "2018-07-16T20:13:33.479483Z", "time_exchange": "2018-07-16T20:13:33.479483Z", "type": "trade", "uuid": "b8f7bc75-1b89-47b2-a6f9-4146bf9055fc"}
{"coins": ["BTC"], "price": 4798.519093278703, "sequence": 13146, "size": 7.345382270529988, "symbol_id": "COINBASE_SPOT_BTC_USD", "taker_side": "BUY_ESTIMATED", "timestamp": "2018-07-16T20:13:33.920463Z", "time_exchange": "2018-07-16T20:13:33.920463Z", "type": "trade", "uuid": "dc4706bf-c7b5-496f-a9ba-6f0e6a77da9a"}
{"coins": ["BTC"], "price": 4645.365668505238, "sequence": 13183, "size": 6.828207555094257, "symbol_id": "COINBASE_SPOT_BTC_USD", "taker_side": "SELL", "timestamp": "2018-07-16T20:13:34.461376Z", "time_exchange": "2018-07-16T20:13:34.461376Z", "type": "trade", "uuid": "29b95176-b99b-47c5-82b9-462212795346"}
{"coins": ["ETH"], "price": 652.1089406270381, "sequence": 13224, "size": 18.78592000507765, "symbol_id": "COINBASE_SPOT_ETH_USD", "taker_side": "BUY", "timestamp": "2018-07-16T20:13:35.069195Z", "time_exchange": "2018-07-16T20:13:35.069195Z", "type": "trade", "uuid": "9582cacd-c5dc-449b-9e89-a56a0ce73936"}
{"coins": ["ETH"], "price": 647.5363893806415, "sequence": 13225, "size": 4.491712009015214, "symbol_id": "COINBASE_SPOT_ETH_USD", "taker_side": "SELL_ESTIMATED", "timestamp": "2018-07-16T20:13:35.574703Z", "time_exchange": "2018-07-16T20:13:35.574703Z", "type": "trade", "uuid": "0eaae427-2127-47c6-ae6b-a082c6216b11"}
{"coins": ["BTC"], "price": 4583.466236845935, "sequence": 13286, "size": 27.886949585679645, "symbol_id": "COINBASE_SPOT_BTC_USD", "taker_side": "BUY_ESTIMATED", "timestamp": "2018-07-16T20:13:36.038157Z", "time_exchange": "2018-07-16T20:13:36.038157Z", "type": "trade", "uuid": "8c2ef62d-c017-4e82-974d-666293319ba8"}
{"coins": ["BTC"], "price": 4891.565394216379, "sequence": 13351, "size": 66.13237076918814, "symbol_id": "COINBASE_SPOT_BTC_USD", "taker_side": "BUY", "timestamp": "2018-07-16T20:13:36.848940Z", "time_exchange": "2018-07-16T20:13:36.848940Z", "type": "trade", "uuid": "d1b94940-a346-4472-a84b-ebb1ca94093d"}
{"coins": ["LTC"], "price": 67.81838395133013, "sequence": 13444, "size": 98.4940581225208, "symbol_id": "COINBASE_SPOT_LTC_USD", "taker_side": "BUY_ESTIMATED", "timestamp": "2018-07-16T20:13:37.715489Z", "time_exchange": "2018-07-16T20:13:37.715489Z", "type": "trade", "uuid": "b67f53f6-5bc8-4b89-a97a-151fd2cdf7e4"}
{"coins": ["BTC"], "price": 4982.844215106907, "sequence": 13531, "size": 27.68608370943939, "symbol_id": "COINBASE_SPOT_BTC_USD", "taker_side": "BUY", "timestamp": "2018-07-16T20:13:38.045180Z", "time_exchange": "2018-07-16T20:13:38.045180Z", "type": "trade", "uuid": "d0e8246d-527e-4718-bc4a-1aa508673183"}
{"coins": ["LTC"], "price": 71.0077582123243, "sequence": 13572, "size": 26.36640106666568, "symbol_id": "COINBASE_SPOT_LTC_USD", "taker_side": "BUY", "timestamp": "2018-07-16T20:13:38.611924Z", "time_exchange": "2018-07-16T20:13:38.611924Z", "type": "trade", "uuid": "ae461ee8-7ca1-4301-bcb5-de38db8f05ca"}
{"coins": ["LTC"], "price": 66.0688946613796, "sequence": 13647, "size": 80.6375971741954, "symbol_id": "COINBASE_SPOT_LTC_USD", "taker_side": "SELL", "timestamp": "2018-07-16T20:13:39.253636Z", "time_exchange": "2018-07-16T20:13:39.253636Z", "type": "trade", "uuid": "c842f9bd-be78-4e70-a2ed-8806b8eddc7b"}
{"coins": ["ETH"], "price": 683.5142303622644, "sequence": 13700, "size": 64.2928403274112, "symbol_id": "COINBASE_SPOT_ETH_USD", "taker_side": "SELL_ESTIMATED", "timestamp": "2018-07-16T20:13:40.061395Z", "time_exchange": "2018-07-16T20:13:40.061395Z", "type": "trade", "uuid": "56871de3-6ab2-4817-a069-c3015f7ca9e9"}
{"coins": ["BTC"], "price": 5453.239350406778, "sequence": 13761, "size": 95.77349765167823, "symbol_id": "COINBASE_SPOT_BTC_USD", "taker_side": "BUY_ESTIMATED", "timestamp": "2018-07-16T20:13:40.390471Z", "time_exchange": "2018-07-16T20:13:40.390471Z", "type": "trade", "uuid": "2443bed3-bb9d-405d-9284-5bf451581adc"}
{"coins": ["BTC"], "price": 5669.896342494767, "sequence": 13785, "size": 38.29943320375554, "symbol_id": "COINBASE_SPOT_BTC_USD", "taker_side": "SELL", "timestamp": "2018-07-16T20:13:40.728458Z", "time_exchange": "2018-07-16T20:13:40.728458Z", "type": "trade", "uuid": "2711abbe-ca37-41b4-9805-c6ce206238a3"}
{"coins": ["ETH"], "price": 693.09851769831, "sequence": 13872, "size": 24.529181806604416, "symbol_id": "COINBASE_SPOT_ETH_USD", "taker_side": "SELL_ESTIMATED", "timestamp": "2018-07-16T20:13:41.493166Z", "time_exchange": "2018-07-16T20:13:41.493166Z", "type": "trade", "uuid": "42922460-2ed8-4586-b2dd-1fd72647d0cc"}
{"coins": ["BTC"], "price": 5764.444360250598, "sequence": 13920, "size": 0.5421965285438812, "symbol_id": "COINBASE_SPOT_BTC_USD", "taker_side": "SELL_ESTIMATED", "timestamp": "2018-07-16T20:13:42.382226Z", "time_exchange": "2018-07-16T20:13:42.382226Z", "type": "trade", "uuid": "fb3f98dd-ecf4-48a5-953a-852014a680c7"}
{"coins": ["LTC"], "price": 64.91005963697931, "sequence": 13986, "size": 92.7542767639527, "symbol_id": "COINBASE_SPOT_LTC_USD", "taker_side": "SELL", "timestamp": "2018-07-16T20:13:42.721223Z", "time_exchange": "2018-07-16T20:13:42.721223Z", "type": "trade", "uuid": "28124aea-5c28-4079-8452-cabc8e7a68dc"}
{"coins": ["LTC"], "price": 59.84939616278294, "sequence": 14019, "size": 15.603291864340418, "symbol_id": "COINBASE_SPOT_LTC_USD", "taker_side": "SELL", "timestamp": "2018-07-16T20:13:43.185866Z", "time_exchange": "2018-07-16T20:13:43.185866Z", "type": "trade", "uuid": "2ee3f591-7a97-4a63-abf4-3af4993a363c"}
{"coins": ["ETH"], "price": 689.6421092699684, "sequence": 14062, "size": 77.1760657561294, "symbol_id": "COINBASE_SPOT_ETH_USD", "taker_side": "BUY", "timestamp": "2018-07-16T20:13:43.843316Z", "time_exchange": "2018-07-16T20:13:43.843316Z", "type": "trade", "uuid": "8ed11656-aed7-4327-80ec-5b705504fe06"}
{"coins": ["ETH"], "price": 690.05113785847, "sequence": 14126, "size": 73.65907296084914, "symbol_id": "COINBASE_SPOT_ETH_USD", "taker_side": "SELL", "timestamp": "2018-07-16T20:13:44.598773Z", "time_exchange": "2018-07-16T20:13:44.598773Z", "type": "trade", "uuid": "c1be2f4b-bfae-4480-8952-f31f3a426191"}
{"coins": ["BTC"], "price": 6036.021993101014, "sequence": 14197, "size": 12.172612241827341, "symbol_id": "COINBASE_SPOT_BTC_USD", "taker_side": "BUY_ESTIMATED", "timestamp": "2018-07-16T20:13:45.420214Z", "time_exchange": "2018-07-16T20:13:45.420214Z", "type": "trade", "uuid": "001e6231-457f-4e96-bad4-3150d4add1b7"}
{"coins": ["BTC"], "price": 5324.604212666959, "sequence": 14290, "size": 63.689603433274165, "symbol_id": "COINBASE_SPOT_BTC_USD", "taker_side": "SELL", "timestamp": "2018-07-16T20:13:46.128668Z", "time_exchange": "2018-07-16T20:13:46.128668Z", "type": "trade", "uuid": "db75f5a0-9806-4941-9f1a-b04d07aa5bca"}
{"coins": ["LTC"], "price": 59.00948560352576, "sequence": 14329, "size": 38.69931755322187, "symbol_id": "COINBASE_SPOT_LTC_USD", "taker_side": "BUY", "timestamp": "2018-07-16T20:13:46.880850Z", "time_exchange": "2018-07-16T20:13:46.880850Z", "type": "trade", "uuid": "3b164547-ee31-4187-83fa-b3c03de449a3"}
{"coins": ["ETH"], "price": 726.2871553361075, "sequence": 14389, "size": 53.66587946774579, "symbol_id": "COINBASE_SPOT_ETH_USD", "taker_side": "BUY", "timestamp": "2018-07-16T20:13:47.366313Z", "time_exchange": "2018-07-16T20:13:47.366313Z", "type": "trade", "uuid": "5b008197-ae87-4e59-8047-f9b8cb6caaec"}
{"coins": ["BTC"], "price": 5544.317251425962, "sequence": 14453, "size": 46.168182523694334, "symbol_id": "COINBASE_SPOT_BTC_USD", "taker_side": "BUY", "timestamp": "2018-07-16T20:13:48.109646Z", "time_exchange": "2018-07-16T20:13:48.109646Z", "type": "trade", "uuid": "8543abf4-2e4b-4791-ba39-f96f9855226e"}
{"coins": ["BTC"], "price": 5365.318302381138, "sequence": 14473, "size": 89.77530179689178, "symbol_id": "COINBASE_SPOT_BTC_USD", "taker_side": "BUY_ESTIMATED", "timestamp": "2018-07-16T20:13:48.438825Z", "time_exchange": "2018-07-16T20:13:48.438825Z", "type": "trade", "uuid": "23fa47ad-fae1-4364-9521-f8cd827ca71d"}
{"coins": ["BTC"], "price": 5141.9131040497905, "sequence": 14500, "size": 5.02855074866797, "symbol_id": "COINBASE_SPOT_BTC_USD", "taker_side": "SELL", "timestamp": "2018-07-16T20:13:48.782303Z", "time_exchange": "2018-07-16T20:13:48.782303Z", "type": "trade", "uuid": "e5c5f43b-5b15-4770-92ab-b9c194164166"}
{"coins": ["BTC"], "price": 5028.825163011788, "sequence": 14535, "size": 68.46106454623626, "symbol_id": "COINBASE_SPOT_BTC_USD", "taker_side": "SELL", "timestamp": "2018-07-16T20:13:49.677826Z", "time_exchange": "2018-07-16T20:13:49.677826Z", "type": "trade", "uuid": "3e264dc2-22ee-4f55-9504-692c6edfca0d"}
{"coins": ["ETH"], "price": 812.2738816537977, "sequence": 14625, "size": 99.476463362606, "symbol_id": "COINBASE_SPOT_ETH_USD", "taker_side": "BUY", "timestamp": "2018-07-16T20:13:50.300300Z", "time_exchange": "2018-07-16T20:13:50.300300Z", "type": "trade", "uuid": "de4d593a-bdfb-4532-9414-997c3485eeb7"}
{"coins": ["BTC"], "price": 4938.736123464971, "sequence": 14670, "size": 84.43174779210804, "symbol_id": "COINBASE_SPOT_BTC_USD", "taker_side": "BUY_ESTIMATED", "timestamp": "2018-07-16T20:13:51.168279Z", "time_exchange": "2018-07-16T20:13:51.168279Z", "type": "trade", "uuid": "5fbaf3a9-2071-4764-9edf-d8b5d6afc3ed"}
{"coins": ["ETH"], "price": 797.6930736080885, "sequence": 14700, "size": 53.16966991060688, "symbol_id": "COINBASE_SPOT_ETH_USD", "taker_side": "SELL_ESTIMATED", "timestamp": "2018-07-16T20:13:51.474042Z", "time_exchange": "2018-07-16T20:13:51.474042Z", "type": "trade", "uuid": "108552d0-745f-417c-9b72-18858dcdbe7d"}
{"coins": ["BTC"], "price": 5328.989497866296, "sequence": 14709, "size": 60.17522735709603, "symbol_id": "COINBASE_SPOT_BTC_USD", "taker_side": "SELL", "timestamp": "2018-07-16T20:13:51.936985Z", "time_exchange": "2018-07-16T20:13:51.936985Z", "type": "trade", "uuid": "cdd81d6f-ed2a-40ac-a684-8b5278f608ff"}
{"coins": ["BTC"], "price": 5442.89682003801, "sequence": 14764, "size": 35.770212345912064, "symbol_id": "COINBASE_SPOT_BTC_USD", "taker_side": "BUY_ESTIMATED", "timestamp": "2018-07-16T20:13:52.604019Z", "time_exchange": "2018-07-16T20:13:52.604019Z", "type": "trade", "uuid": "2608e7b4-61f8-4f38-97d1-d0fb01740a49"}
{"coins": ["LTC"], "price": 58.80806287968876, "sequence": 14848, "size": 27.597464017042274, "symbol_id": "COINBASE_SPOT_LTC_USD", "taker_side": "BUY_ESTIMATED", "timestamp": "2018-07-16T20:13:53.200575Z", "time_exchange": "2018-07-16T20:13:53.200575Z", "type": "trade", "uuid": "e8a4f8bb-7d6d-4f19-b79a-c14380744181"}
{"coins": ["ETH"], "price": 726.5058719600571, "sequence": 14948, "size": 41.11940398194226, "symbol_id": "COINBASE_SPOT_ETH_USD", "taker_side": "BUY", "timestamp": "2018-07-16T20:13:53.810921Z", "time_exchange": "2018-07-16T20:13:53.810921Z", "type": "trade", "uuid": "38e91b63-8738-4f9f-9515-86861ce99abc"}
{"coins": ["ETH"], "price": 729.4772066368055, "sequence": 15041, "size": 66.05633264081764, "symbol_id": "COINBASE_SPOT_ETH_USD", "taker_side": "BUY_ESTIMATED", "timestamp": "2018-07-16T20:13:54.477427Z", "time_exchange": "2018-07-16T20:13:54.477427Z", "type": "trade", "uuid": "0aaa3126-5318-4c14-be47-b1f9241d3a4b"}
{"coins": ["ETH"], "price": 732.541934799244, "sequence": 15137, "size": 33.78380366981995, "symbol_id": "COINBASE_SPOT_ETH_USD", "taker_side": "SELL", "timestamp": "2018-07-16T20:13:55.315409Z", "time_exchange": "2018-07-16T20:13:55.315409Z", "type": "trade", "uuid": "a983edaf-e8aa-4b76-913f-26790a46e6a0"}
{"coins": ["LTC"], "price": 59.93725670250995, "sequence": 15194, "size": 32.75049148574573, "symbol_id": "COINBASE_SPOT_LTC_USD", "taker_side": "BUY_ESTIMATED", "timestamp": "2018-07-16T20:13:55.837306Z", "time_exchange": "2018-07-16T20:13:55.837306Z", "type": "trade", "uuid": "1e2d1adc-dff0-4376-b1d3-20d5623e68be"}
{"coins": ["BTC"], "price": 5328.148993777015, "sequence": 15208, "size": 87.44239583627488, "symbol_id": "COINBASE_SPOT_BTC_USD", "taker_side": "SELL", "timestamp": "2018-07-16T20:13:56.527165Z", "time_exchange": "2018-07-16T20:13:56.527165Z", "type": "trade", "uuid": "7f2228ac-514b-447a-92e1-c58b66c5eacf"}
{"coins": ["LTC"], "price": 58.33068211261376, "sequence": 15240, "size": 51.38816385765681, "symbol_id": "COINBASE_SPOT_LTC_USD", "taker_side": "SELL_ESTIMATED", "timestamp": "2018-07-16T20:13:57.249350Z", "time_exchange": "2018-07-16T20:13:57.249350Z", "type": "trade", "uuid": "3538782e-f7f8-456d-a45c-98576ae5667b"}
{"coins": ["BTC"], "price": 5794.1972667051905, "sequence": 15295, "size": 99.48502909210511, "symbol_id": "COINBASE_SPOT_BTC_USD", "taker_side": "SELL_ESTIMATED", "timestamp": "2018-07-16T20:13:57.636806Z", "time_exchange": "2018-07-16T20:13:57.636806Z", "type": "trade", "uuid": "9e0329c5-c44f-4769-87bd-46ba523125b0"}
{"coins": ["ETH"], "price": 671.2573159121184, "sequence": 15310, "size": 44.35237182203425, "symbol_id": "COINBASE_SPOT_ETH_USD", "taker_side": "SELL", "timestamp": "2018-07-16T20:13:58.462793Z", "time_exchange": "2018-07-16T20:13:58.462793Z", "type": "trade", "uuid": "b67a1629-2651-4296-a9f8-0d0636c6ca37"}
{"coins": ["ETH"], "price": 582.4557857834566, "sequence": 15376, "size": 80.17242118246334, "symbol_id": "COINBASE_SPOT_ETH_USD", "taker_side": "SELL_ESTIMATED", "timestamp": "2018-07-16T20:13:58.763091Z", "time_exchange": "2018-07-16T20:13:58.763091Z", "type": "trade", "uuid": "38db0b5a-e50e-4a91-8784-b3ed4c386175"}
{"coins": ["BTC"], "price": 5160.984144964958, "sequence": 15427, "size": 26.855125644426316, "symbol_id": "COINBASE_SPOT_BTC_USD", "taker_side": "SELL_ESTIMATED", "timestamp": "2018-07-16T20:13:59.147883Z", "time_exchange": "2018-07-16T20:13:59.147883Z", "type": "trade", "uuid": "ab5ead46-8c8e-42f2-88cc-51a28440c1d5"}
{"coins": ["ETH"], "price": 552.5301233247491, "sequence": 15440, "size": 55.94946192986926, "symbol_id": "COINBASE_SPOT_ETH_USD", "taker_side": "BUY_ESTIMATED", "timestamp": "2018-07-16T20:13:59.819108Z", "time_exchange": "2018-07-16T20:13:59.819108Z", "type": "trade", "uuid": "6bcd42d2-2c41-4bc3-b1b9-2108eb6e9cc8"}
{"coins": ["LTC"], "price": 57.006871788636545, "sequence": 15452, "size": 63.45240192348953, "symbol_id": "COINBASE_SPOT_LTC_USD", "taker_side": "SELL_ESTIMATED", "timestamp": "2018-07-16T20:14:00.265027Z", "time_exchange": "2018-07-16T20:14:00.265027Z", "type": "trade", "uuid": "6e9495fe-54ce-4d34-8fe7-6f081d80ed15"}
{"coins": ["ETH"], "price": 548.4621894734871, "sequence": 15489, "size": 6.673556097066968, "symbol_id": "COINBASE_SPOT_ETH_USD", "taker_side": "BUY_ESTIMATED", "timestamp": "2018-07-16T20:14:00.745446Z", "time_exchange": "2018-07-16T20:14:00.745446Z", "type": "trade", "uuid": "89ea041e-3e87-4ed9-91a6-9defb0df60f6"}
{"coins": ["LTC"], "price": 57.52458641120433, "sequence": 15491, "size": 12.049418110677724, "symbol_id": "COINBASE_SPOT_LTC_USD", "taker_side": "SELL_ESTIMATED", "timestamp": "2018-07-16T20:14:01.561009Z", "time_exchange": "2018-07-16T20:14:01.561009Z", "type": "trade", "uuid": "97c6d484-8ed9-4bc9-a502-a4a35c4931c5"}
{"coins": ["ETH"], "price": 550.2553508795105, "sequence": 15517, "size": 51.325227467275305, "symbol_id": "COINBASE_SPOT_ETH_USD", "taker_side": "BUY_ESTIMATED", "timestamp": "2018-07-16T20:14:02.202525Z", "time_exchange": "2018-07-16T20:14:02.202525Z", "type": "trade", "uuid": "0652fa65-be54-43e8-9abf-e2ab48517177"}
{"coins": ["BTC"], "price": 5342.916818684102, "sequence": 15527, "size": 70.76520971768981, "symbol_id": "COINBASE_SPOT_BTC_USD", "taker_side": "SELL", "timestamp": "2018-07-16T20:14:02.662885Z", "time_exchange": "2018-07-16T20:14:02.662885Z", "type": "trade", "uuid": "18e7050f-c7d3-4237-bfa6-ef392dbba591"}
{"coins": ["ETH"], "price": 548.7423237228818, "sequence": 15590, "size": 23.979043767325848, "symbol_id": "COINBASE_SPOT_ETH_USD", "taker_side": "SELL", "timestamp": "2018-07-16T20:14:03.212622Z", "time_exchange": "2018-07-16T20:14:03.212622Z", "type": "trade", "uuid": "0a835913-2bee-49b5-b8a0-813f74c3fa94"}
{"coins": ["ETH"], "price": 525.124086470393, "sequence": 15620, "size": 47.06360643014488, "symbol_id": "COINBASE_SPOT_ETH_USD", "taker_side": "BUY", "timestamp": "2018-07-16T20:14:03.724564Z", "time_exchange": "2018-07-16T20:14:03.724564Z", "type": "trade", "uuid": "52907794-15d1-470e-89e8-bee8ae5cb0c3"}
{"coins": ["BTC"], "price": 5271.241717463638, "sequence": 15698, "size": 80.06518360811089, "symbol_id": "COINBASE_SPOT_BTC_USD", "taker_side": "SELL", "timestamp": "2018-07-16T20:14:04.559419Z", "time_exchange": "2018-07-16T20:14:04.559419Z", "type": "trade", "uuid": "b81118f8-219f-4c1a-9b8a-e9696f7c5861"}
{"coins": ["ETH"], "price": 518.8094524360896, "sequence": 15760, "size": 94.1355884778004, "symbol_id": "COINBASE_SPOT_ETH_USD", "taker_side": "BUY", "timestamp": "2018-07-16T20:14:04.863766Z", "time_exchange": "2018-07-16T20:14:04.863766Z", "type": "trade", "uuid": "6d6d99d3-f083-4db7-9550-1070f0650a81"}
{"coins": ["LTC"], "price": 57.268830451596045, "sequence": 15798, "size": 80.50623928786787, "symbol_id": "COINBASE_SPOT_LTC_USD", "taker_side": "SELL", "timestamp": "2018-07-16T20:14:05.402612Z", "time_exchange": "2018-07-16T20:14:05.402612Z", "type": "trade", "uuid": "ae2b8626-3a91-41de-96f6-eec69099fdc6"}
{"coins": ["LTC"], "price": 52.44419204622414, "sequence": 15844, "size": 34.274307245656544, "symbol_id": "COINBASE_SPOT_LTC_USD", "taker_side": "SELL", "timestamp": "2018-07-16T20:14:06.054915Z", "time_exchange": "2018-07-16T20:14:06.054915Z", "type": "trade", "uuid": "bc19b17d-6854-42ef-9d93-840d2fc0d347"}
{"coins": ["LTC"], "price": 53.76694971255014, "sequence": 15871, "size": 95.68510296019936, "symbol_id": "COINBASE_SPOT_LTC_USD", "taker_side": "BUY", "timestamp": "2018-07-16T20:14:06.464328Z", "time_exchange": "2018-07-16T20:14:06.464328Z", "type": "trade", "uuid": "32cebda8-3cf5-4dee-9fea-4f2b0e37c1a7"}
{"coins": ["ETH"], "price": 537.1736381812226, "sequence": 15889, "size": 3.454916657763718, "symbol_id": "COINBASE_SPOT_ETH_USD", "taker_side": "SELL_ESTIMATED", "timestamp": "2018-07-16T20:14:07.067070Z", "time_exchange": "2018-07-16T20:14:07.067070Z", "type": "trade", "uuid": "d40f3537-6962-4fc6-b96b-a04a627f4029"}
{"coins": ["ETH"], "price": 557.4210344671817, "sequence": 15900, "size": 70.05764875641172, "symbol_id": "COINBASE_SPOT_ETH_USD", "taker_side": "BUY_ESTIMATED", "timestamp": "2018-07-16T20:14:07.389878Z", "time_exchange": "2018-07-16T20:14:07.389878Z", "type": "trade", "uuid": "a176306f-f7bd-4ed8-b605-a6b5117e8c17"}
{"coins": ["ETH"], "price": 525.9293483811005, "sequence": 15912, "size": 74.24662443754943, "symbol_id": "COINBASE_SPOT_ETH_USD", "taker_side": "SELL_ESTIMATED", "timestamp": "2018-07-16T20:14:08.102607Z", "time_exchange": "2018-07-16T20:14:08.102607Z", "type": "trade", "uuid": "d14e2c58-a48c-4126-8f63-bf8d998ca180"}
{"coins": ["BTC"], "price": 5830.642825611548, "sequence": 15975, "size": 34.75602634619066, "symbol_id": "COINBASE_SPOT_BTC_USD", "taker_side": "SELL", "timestamp": "2018-07-16T20:14:08.906039Z", "time_exchange": "2018-07-16T20:14:08.906039Z", "type": "trade", "uuid": "e393d5cd-00a4-4caf-94ad-a39482f02b18"}
{"coins": ["LTC"], "price": 50.32770309069763, "sequence": 15993, "size": 48.15696643247646, "symbol_id": "COINBASE_SPOT_LTC_USD", "taker_side": "SELL_ESTIMATED", "timestamp": "2018-07-16T20:14:09.373349Z", "time_exchange": "2018-07-16T20:14:09.373349Z", "type": "trade", "uuid": "9f68f425-7632-4833-bacb-c7b92976283f"}
{"coins": ["BTC"], "price": 6031.508606759802, "sequence": 16087, "size": 48.196588787701586, "symbol_id": "COINBASE_SPOT_BTC_USD", "taker_side": "SELL_ESTIMATED", "timestamp": "2018-07-16T20:14:10.229475Z", "time_exchange": "2018-07-16T20:14:10.229475Z", "type": "trade", "uuid": "579711c3-e982-4b70-afb2-7d2bb8d658c6"}
{"coins": ["ETH"], "price": 558.9713470086285, "sequence": 16090, "size": 16.250212854926428, "symbol_id": "COINBASE_SPOT_ETH_USD", "taker_side": "SELL_ESTIMATED", "timestamp": "2018-07-16T20:14:10.719277Z", "time_exchange": "2018-07-16T20:14:10.719277Z", "type": "trade", "uuid": "810c718b-20b6-44e8-8837-ac9f5da517c7"}
{"coins": ["ETH"], "price": 594.6994825197113, "sequence": 16128, "size": 22.10608457034695, "symbol_id": "COINBASE_SPOT_ETH_USD", "taker_side": "BUY", "timestamp": "2018-07-16T20:14:11.565447Z", "time_exchange": "2018-07-16T20:14:11.565447Z", "type": "trade", "uuid": "e8c3b6dd-70c7-4e6d-8050-6adf9c23b3de"}
{"coins": ["LTC"], "price": 48.44084309347563, "sequence": 16143, "size": 85.28718824383837, "symbol_id": "COINBASE_SPOT_LTC_USD", "taker_side": "BUY", "timestamp": "2018-07-16T20:14:12.261221Z", "time_exchange": "2018-07-16T20:14:12.261221Z", "type": "trade", "uuid": "4ae838a8-49f6-49cb-9d5b-cd6beb13b967"}
{"coins": ["LTC"], "price": 46.423363187072354, "sequence": 16161, "size": 18.9708819185476, "symbol_id": "COINBASE_SPOT_LTC_USD", "taker_side": "BUY", "timestamp": "2018-07-16T20:14:12.838567Z", "time_exchange": "2018-07-16T20:14:12.838567Z", "type": "trade", "uuid": "f4eada51-3aff-4f1b-b438-8cf304e5906c"}
{"coins": ["LTC"], "price": 45.421247351837685, "sequence": 16168, "size": 55.13197337706281, "symbol_id": "COINBASE_SPOT_LTC_USD", "taker_side": "BUY", "timestamp": "2018-07-16T20:14:13.239060Z", "time_exchange": "2018-07-16T20:14:13.239060Z", "type": "trade", "uuid": "e331d9ef-a3ed-4cfe-9bf1-88fd88123a24"}
{"coins": ["LTC"], "price": 43.48669067080757, "sequence": 16179, "size": 0.7340784066655837, "symbol_id": "COINBASE_SPOT_LTC_USD", "taker_side": "BUY", "timestamp": "2018-07-16T20:14:13.593569Z", "time_exchange": "2018-07-16T20:14:13.593569Z", "type": "trade", "uuid": "9e3967c3-e462-46e7-b541-b071de23074e"}
{"coins": ["ETH"], "price": 547.9960665940278, "sequence": 16258, "size": 85.46628751592357, "symbol_id": "COINBASE_SPOT_ETH_USD", "taker_side": "SELL_ESTIMATED", "timestamp": "2018-07-16T20:14:14.380759Z", "time_exchange": "2018-07-16T20:14:14.380759Z", "type": "trade", "uuid": "6c8d0603-c93c-4977-a4d8-3b803336aaa5"}
{"coins": ["BTC"], "price": 5570.223667568563, "sequence": 16320, "size": 75.44150767366482, "symbol_id": "COINBASE_SPOT_BTC_USD", "taker_side": "SELL_ESTIMATED", "timestamp": "2018-07-16T20:14:14.888383Z", "time_exchange": "2018-07-16T20:14:14.888383Z", "type": "trade", "uuid": "d55b6a9f-b4fd-4837-912c-9000e36570f1"}
{"coins": ["LTC"], "price": 41.70498906920644, "sequence": 16370, "size": 63.35268182202205, "symbol_id": "COINBASE_SPOT_LTC_USD", "taker_side": "SELL_ESTIMATED", "timestamp": "2018-07-16T20:14:15.525778Z", "time_exchange": "2018-07-16T20:14:15.525778Z", "type": "trade", "uuid": "319c67b9-61b8-4b26-bbba-88ac90b29afc"}
{"coins": ["BTC"], "price": 5806.3574139978045, "sequence": 16422, "size": 21.82610491178628, "symbol_id": "COINBASE_SPOT_BTC_USD", "taker_side": "BUY", "timestamp": "2018-07-16T20:14:15.842178Z", "time_exchange": "2018-07-16T20:14:15.842178Z", "type": "trade", "uuid": "b3ab0f5e-4444-41b0-b17b-6082c4c2e4a7"}
{"coins": ["ETH"], "price": 546.781123739463, "sequence": 16502, "size": 6.661071010331954, "symbol_id": "COINBASE_SPOT_ETH_USD", "taker_side": "BUY", "timestamp": "2018-07-16T20:14:16.540638Z", "time_exchange": "2018-07-16T20:14:16.540638Z", "type": "trade", "uuid": "3ec1e6b5-a6ca-46ac-ad13-5846bfbab376"}
{"coins": ["BTC"], "price": 6002.654911431183, "sequence": 16574, "size": 64.13898171893983, "symbol_id": "COINBASE_SPOT_BTC_USD", "taker_side": "SELL", "timestamp": "2018-07-16T20:14:17.260731Z", "time_exchange": "2018-07-16T20:14:17.260731Z", "type": "trade", "uuid": "8a904ba1-9fe4-454a-adc6-3f0a85dd090e"}
{"coins": ["ETH"], "price": 550.5728139962891, "sequence": 16575, "size": 26.811065324031212, "symbol_id": "COINBASE_SPOT_ETH_USD", "taker_side": "BUY", "timestamp": "2018-07-16T20:14:18.134917Z", "time_exchange": "2018-07-16T20:14:18.134917Z", "type": "trade", "uuid": "6e33b5b6-8765-46a1-8c4f-d911f1b88f62"}
{"coins": ["ETH"], "price": 584.6597385411798, "sequence": 16582, "size": 16.29789660850892, "symbol_id": "COINBASE_SPOT_ETH_USD", "taker_side": "SELL", "timestamp": "2018-07-16T20:14:18.969298Z", "time_exchange": "2018-07-16T20:14:18.969298Z", "type": "trade", "uuid": "1c303ade-b928-4315-8557-6f4c6d76a98e"}
{"coins": ["ETH"], "price": 544.8466117890184, "sequence": 16635, "size": 12.21493455750766, "symbol_id": "COINBASE_SPOT_ETH_USD", "taker_side": "BUY", "timestamp": "2018-07-16T20:14:19.543617Z", "time_exchange": "2018-07-16T20:14:19.543617Z", "type": "trade", "uuid": "5883266a-c6c4-434f-8e51-465ceeb3134d"}
{"coins": ["BTC"], "price": 6185.989529351863, "sequence": 16636, "size": 80.73090234025688, "symbol_id": "COINBASE_SPOT_BTC_USD", "taker_side": "SELL_ESTIMATED", "timestamp": "2018-07-16T20:14:20.124520Z", "time_exchange": "2018-07-16T20:14:20.124520Z", "type": "trade", "uuid": "e9324f9c-c666-4d6c-a45f-a9e37b2fee5b"}
{"coins": ["LTC"], "price": 42.47963716795586, "sequence": 16680, "size": 26.367133160330102, "symbol_id": "COINBASE_SPOT_LTC_USD", "taker_side": "SELL", "timestamp": "2018-07-16T20:14:21.022554Z", "time_exchange": "2018-07-16T20:14:21.022554Z", "type": "trade", "uuid": "0a394812-af6e-4363-a572-80b53db99815"}
{"coins": ["LTC"], "price": 42.27537771593921, "sequence": 16734, "size": 23.340463105552132, "symbol_id": "COINBASE_SPOT_LTC_USD", "taker_side": "SELL", "timestamp": "2018-07-16T20:14:21.780199Z", "time_exchange": "2018-07-16T20:14:21.780199Z", "type": "trade", "uuid": "81cc413f-3d30-43ec-92f3-0ffca4c3ec7f"}
{"coins": ["ETH"], "price": 554.6477199408037, "sequence": 16740, "size": 87.31007973064109, "symbol_id": "COINBASE_SPOT_ETH_USD", "taker_side": "SELL", "timestamp": "2018-07-16T20:14:22.227893Z", "time_exchange": "2018-07-16T20:14:22.227893Z", "type": "trade", "uuid": "ec6e615e-42c1-4788-885d-80e6ed080f68"}
{"coins": ["BTC"], "price": 6050.427069099634, "sequence": 16769, "size": 74.92195271600197, "symbol_id": "COINBASE_SPOT_BTC_USD", "taker_side": "BUY_ESTIMATED", "timestamp": "2018-07-16T20:14:22.878106Z", "time_exchange": "2018-07-16T20:14:22.878106Z", "type": "trade", "uuid": "2343ad38-d81c-424c-874b-88b4fefea398"}
{"coins": ["LTC"], "price": 44.63817776536261, "sequence": 16821, "size": 25.090625432542, "symbol_id": "COINBASE_SPOT_LTC_USD", "taker_side": "BUY", "timestamp": "2018-07-16T20:14:23.778662Z", "time_exchange": "2018-07-16T20:14:23.778662Z", "type": "trade", "uuid": "637f0cc8-2156-4b37-bd08-cd89a332fc1b"}
{"coins": ["ETH"], "price": 560.946294484053, "sequence": 16850, "size": 24.666283943882984, "symbol_id": "COINBASE_SPOT_ETH_USD", "taker_side": "SELL", "timestamp": "2018-07-16T20:14:24.203118Z", "time_exchange": "2018-07-16T20:14:24.203118Z", "type": "trade", "uuid": "e3a7dedf-6c66-4f2b-9daa-9044d13f831e"}
{"coins": ["LTC"], "price": 48.62913883455217, "sequence": 16913, "size": 37.90004641081674, "symbol_id": "COINBASE_SPOT_LTC_USD", "taker_side": "BUY", "timestamp": "2018-07-16T20:14:24.527294Z", "time_exchange": "2018-07-16T20:14:24.527294Z", "type": "trade", "uuid": "6f071168-24b8-4dc4-af00-d341220ecbb7"}
{"coins": ["BTC"], "price": 6372.867354260933, "sequence": 16930, "size": 99.00672438466003, "symbol_id": "COINBASE_SPOT_BTC_USD", "taker_side": "SELL", "timestamp": "2018-07-16T20:14:25.315834Z", "time_exchange": "2018-07-16T20:14:25.315834Z", "type": "trade", "uuid": "a8033652-cf21-445b-aa91-ee98330f1613"}
{"coins": ["LTC"], "price": 48.98818698775875, "sequence": 16996, "size": 21.582665498674437, "symbol_id": "COINBASE_SPOT_LTC_USD", "taker_side": "SELL_ESTIMATED", "timestamp": "2018-07-16T20:14:26.083816Z", "time_exchange": "2018-07-16T20:14:26.083816Z", "type": "trade", "uuid": "7a2d233f-0b26-4496-81e2-3af4fcd81685"}
{"coins": ["LTC"], "price": 44.9455935739147, "sequence": 17036, "size": 70.78306883354662, "symbol_id": "COINBASE_SPOT_LTC_USD", "taker_side": "SELL", "timestamp": "2018-07-16T20:14:26.815266Z", "time_exchange": "2018-07-16T20:14:26.815266Z", "type": "trade", "uuid": "bf8c6bcb-371e-4383-bbbe-5f9690954804"}
{"coins": ["BTC"], "price": 6344.634293463086, "sequence": 17044, "size": 14.032077617569739, "symbol_id": "COINBASE_SPOT_BTC_USD", "taker_side": "BUY_ESTIMATED", "timestamp": "2018-07-16T20:14:27.557463Z", "time_exchange": "2018-07-16T20:14:27.557463Z", "type": "trade", "uuid": "ab076618-5459-4404-b1fb-ee845b6fb888"}
{"coins": ["BTC"], "price": 6051.104012612493, "sequence": 17048, "size": 38.64929209956247, "symbol_id": "COINBASE_SPOT_BTC_USD", "taker_side": "SELL_ESTIMATED", "timestamp": "2018-07-16T20:14:28.179592Z", "time_exchange": "2018-07-16T20:14:28.179592Z", "type": "trade", "uuid": "093f3833-270b-4b47-997a-3c7be484866a"}
{"coins": ["BTC"], "price": 5531.73721466739, "sequence": 17140, "size": 6.686977635220215, "symbol_id": "COINBASE_SPOT_BTC_USD", "taker_side": "SELL_ESTIMATED", "timestamp": "2018-07-16T20:14:28.535203Z", "time_exchange": "2018-07-16T20:14:28.535203Z", "type": "trade", "uuid": "ed957ad6-b199-42fb-b988-e49f0fa5b6df"}
{"coins": ["LTC"], "price": 43.98386307426682, "sequence": 17240, "size": 79.95747986957923, "symbol_id": "COINBASE_SPOT_LTC_USD", "taker_side": "BUY", "timestamp": "2018-07-16T20:14:28.979943Z", "time_exchange": "2018-07-16T20:14:28.979943Z", "type": "trade", "uuid": "55ca1c03-59e5-4d51-bca8-53b91c4a325d"}
{"coins": ["ETH"], "price": 553.2142177492873, "sequence": 17338, "size": 36.16187381616772, "symbol_id": "COINBASE_SPOT_ETH_USD", "taker_side": "SELL_ESTIMATED", "timestamp": "2018-07-16T20:14:29.837143Z", "time_exchange": "2018-07-16T20:14:29.837143Z", "type": "trade", "uuid": "b60b713b-a047-441a-86ff-063522179676"}
{"coins": ["LTC"], "price": 45.60033441599191, "sequence": 17353, "size": 59.24860553951534, "symbol_id": "COINBASE_SPOT_LTC_USD", "taker_side": "SELL", "timestamp": "2018-07-16T20:14:30.372095Z", "time_exchange": "2018-07-16T20:14:30.372095Z", "type": "trade", "uuid": "5c5d00cf-530a-4cb8-9c79-4bd6d1299c7a"}
{"coins": ["BTC"], "price": 5586.764589537881, "sequence": 17398, "size": 6.341754739693939, "symbol_id": "COINBASE_SPOT_BTC_USD", "taker_side": "SELL_ESTIMATED", "timestamp": "2018-07-16T20:14:31.113945Z", "time_exchange": "2018-07-16T20:14:31.113945Z", "type": "trade", "uuid": "fdd6c483-92aa-4f54-b69a-214de8238135"}
{"coins": ["LTC"], "price": 45.10506753077657, "sequence": 17485, "size": 78.27148378770838, "symbol_id": "COINBASE_SPOT_LTC_USD", "taker_side": "BUY_ESTIMATED", "timestamp": "2018-07-16T20:14:31.945425Z", "time_exchange": "2018-07-16T20:14:31.945425Z", "type": "trade", "uuid": "0ebcc1f7-3065-4b4b-b719-0d85642eb834"}
{"coins": ["BTC"], "price": 5108.296212476252, "sequence": 17568, "size": 51.49638833135697, "symbol_id": "COINBASE_SPOT_BTC_USD", "taker_side": "BUY", "timestamp": "2018-07-16T20:14:32.255594Z", "time_exchange": "2018-07-16T20:14:32.255594Z", "type": "trade", "uuid": "a8713cb5-ee83-4d2a-8235-287805c7154e"}
{"coins": ["LTC"], "price": 46.134953362227385, "sequence": 17606, "size": 35.08816069518279, "symbol_id": "COINBASE_SPOT_LTC_USD", "taker_side": "BUY_ESTIMATED", "timestamp": "2018-07-16T20:14:32.863432Z", "time_exchange": "2018-07-16T20:14:32.863432Z", "type": "trade", "uuid": "198872d7-3cb1-492a-9ab7-02236ec9e4b9"}
{"coins": ["LTC"], "price": 43.99710837821764, "sequence": 17703, "size": 36.85253949402879, "symbol_id": "COINBASE_SPOT_LTC_USD", "taker_side": "SELL_ESTIMATED", "timestamp": "2018-07-16T20:14:33.458423Z", "time_exchange": "2018-07-16T20:14:33.458423Z", "type": "trade", "uuid": "6633b4e8-2011-41a6-ab35-cfd321f7232f"}
{"coins": ["LTC"], "price": 43.349460738606524, "sequence": 17768, "size": 67.74905626589045, "symbol_id": "COINBASE_SPOT_LTC_USD", "taker_side": "SELL_ESTIMATED", "timestamp": "2018-07-16T20:14:33.922523Z", "time_exchange": "2018-07-16T20:14:33.922523Z", "type": "trade", "uuid": "dda41f26-9598-4f70-9ef8-fe15aadc3921"}
{"coins": ["BTC"], "price": 5079.32378124944, "sequence": 17824, "size": 36.14570971118979, "symbol_id": "COINBASE_SPOT_BTC_USD", "taker_side": "SELL_ESTIMATED", "timestamp": "2018-07-16T20:14:34.346833Z", "time_exchange": "2018-07-16T20:14:34.346833Z", "type": "trade", "uuid": "b38151db-d298-4347-9604-b7220940f4f7"}
{"coins": ["BTC"], "price": 4750.659246364683, "sequence": 17919, "size": 43.932310913202876, "symbol_id": "COINBASE_SPOT_BTC_USD", "taker_side": "SELL_ESTIMATED", "timestamp": "2018-07-16T20:14:34.807432Z", "time_exchange": "2018-07-16T20:14:34.807432Z", "type": "trade", "uuid": "34582f2a-9ad5-4994-875d-9c58faeea266"}
{"coins": ["ETH"], "price": 531.1640030741161, "sequence": 17991, "size": 75.90907530818275, "symbol_id": "COINBASE_SPOT_ETH_USD", "taker_side": "BUY_ESTIMATED", "timestamp": "2018-07-16T20:14:35.524052Z", "time_exchange": "2018-07-16T20:14:35.524052Z", "type": "trade", "uuid": "fb8919c8-9bd5-44eb-a477-506ebd3011f1"}
{"coins": ["LTC"], "price": 44.74769400786156, "sequence": 18069, "size": 16.30961674910193, "symbol_id": "COINBASE_SPOT_LTC_USD", "taker_side": "BUY", "timestamp": "2018-07-16T20:14:36.104831Z", "time_exchange": "2018-07-16T20:14:36.104831Z", "type": "trade", "uuid": "60123fc0-b726-4a8e-a2ae-c9ee72787700"}
{"coins": ["ETH"], "price": 516.3624920083377, "sequence": 18113, "size": 92.38819965036582, "symbol_id": "COINBASE_SPOT_ETH_USD", "taker_side": "SELL", "timestamp": "2018-07-16T20:14:36.407248Z", "time_exchange": "2018-07-16T20:14:36.407248Z", "type": "trade", "uuid": "be343f30-3d81-4f56-b00b-64c96884ee8d"}
{"coins": ["LTC"], "price": 46.44571273632059, "sequence": 18195, "size": 84.0587109591525, "symbol_id": "COINBASE_SPOT_LTC_USD", "taker_side": "SELL", "timestamp": "2018-07-16T20:14:37.244819Z", "time_exchange": "2018-07-16T20:14:37.244819Z", "type": "trade", "uuid": "efb4c952-d5d9-415a-8ddf-8ddbcf893021"}
{"coins": ["ETH"], "price": 524.1406221068058, "sequence": 18258, "size": 19.259366080988016, "symbol_id": "COINBASE_SPOT_ETH_USD", "taker_side": "BUY_ESTIMATED", "timestamp": "2018-07-16T20:14:37.606303Z", "time_exchange": "2018-07-16T20:14:37.606303Z", "type": "trade", "uuid": "5810ab68-d1bd-4916-9a5c-d10a98789517"}
{"coins": ["LTC"], "price": 48.49476372758721, "sequence": 18281, "size": 11.433266512633244, "symbol_id": "COINBASE_SPOT_LTC_USD", "taker_side": "BUY_ESTIMATED", "timestamp": "2018-07-16T20:14:38.294765Z", "time_exchange": "2018-07-16T20:14:38.294765Z", "type": "trade", "uuid": "fb31f6b6-10c3-4d52-a2ca-85ce520b89b0"}
{"coins": ["ETH"], "price": 534.7558351785084, "sequence": 18357, "size": 30.883584830643194, "symbol_id": "COINBASE_SPOT_ETH_USD", "taker_side": "BUY_ESTIMATED", "timestamp": "2018-07-16T20:14:38.725217Z", "time_exchange": "2018-07-16T20:14:38.725217Z", "type": "trade", "uuid": "bf1be550-a9ae-458a-be70-e13d07e37213"}
{"coins": ["BTC"], "price": 4154.045847125798, "sequence": 18419, "size": 87.59913872594977, "symbol_id": "COINBASE_SPOT_BTC_USD", "taker_side": "SELL_ESTIMATED", "timestamp": "2018-07-16T20:14:39.359208Z", "time_exchange": "2018-07-16T20:14:39.359208Z", "type": "trade", "uuid": "4f26a18b-2cc2-42ef-b2c5-0fb353be33b4"}
{"coins": ["LTC"], "price": 52.12705921171582, "sequence": 18439, "size": 2.2659647377843872, "symbol_id": "COINBASE_SPOT_LTC_USD", "taker_side": "SELL", "timestamp": "2018-07-16T20:14:40.073426Z", "time_exchange": "2018-07-16T20:14:40.073426Z", "type": "trade", "uuid": "24074a46-72cf-4572-9d2b-9fa2c62967d1"}
{"coins": ["BTC"], "price": 4425.066283704628, "sequence": 18508, "size": 75.05842124946676, "symbol_id": "COINBASE_SPOT_BTC_USD", "taker_side": "BUY", "timestamp": "2018-07-16T20:14:40.632765Z", "time_exchange": "2018-07-16T20:14:40.632765Z", "type": "trade", "uuid": "33099afa-f1be-4a23-99ee-e7ea5c032986"}
{"coins": ["ETH"], "price": 539.7919666430836, "sequence": 18568, "size": 95.39710735199067, "symbol_id": "COINBASE_SPOT_ETH_USD", "taker_side": "BUY_ESTIMATED", "timestamp": "2018-07-16T20:14:40.955170Z", "time_exchange": "2018-07-16T20:14:40.955170Z", "type": "trade", "uuid": "082e2cd2-aa4f-4da4-b4d6-7df4a2698404"}
{"coins": ["BTC"], "price": 4064.320035088558, "sequence": 18606, "size": 10.27437177788315, "symbol_id": "COINBASE_SPOT_BTC_USD", "taker_side": "BUY_ESTIMATED", "timestamp": "2018-07-16T20:14:41.785948Z", "time_exchange": "2018-07-16T20:14:41.785948Z", "type": "trade", "uuid": "db028e11-695c-4ba8-b7e7-162bc5cd08a2"}
{"coins": ["LTC"], "price": 47.325381806910656, "sequence": 18684, "size": 82.67810902030591, "symbol_id": "COINBASE_SPOT_LTC_USD", "taker_side": "BUY", "timestamp": "2018-07-16T20:14:42.275592Z", "time_exchange": "2018-07-16T20:14:42.275592Z", "type": "trade", "uuid": "5be7ea3d-0ce5-40ee-b2f5-0655559e7d23"}
{"coins": ["LTC"], "price": 47.171113505275066, "sequence": 18763, "size": 48.626034278319466, "symbol_id": "COINBASE_SPOT_LTC_USD", "taker_side": "SELL", "timestamp": "2018-07-16T20:14:42.940745Z", "time_exchange": "2018-07-16T20:14:42.940745Z", "type": "trade", "uuid": "bf05ccf2-be3d-4287-9676-90887f70d569"}
{"coins": ["LTC"], "price": 49.01810162781335, "sequence": 18834, "size": 69.50162518912832, "symbol_id": "COINBASE_SPOT_LTC_USD", "taker_side": "BUY_ESTIMATED", "timestamp": "2018-07-16T20:14:43.262258Z", "time_exchange": "2018-07-16T20:14:43.262258Z", "type": "trade", "uuid": "9bf633c0-3f7b-4cfb-bc12-55b091676117"}
{"coins": ["ETH"], "price": 511.2929071191931, "sequence": 18841, "size": 90.09892649444741, "symbol_id": "COINBASE_SPOT_ETH_USD", "taker_side": "BUY", "timestamp": "2018-07-16T20:14:43.629752Z", "time_exchange": "2018-07-16T20:14:43.629752Z", "type": "trade", "uuid": "8435df30-7671-4b91-af9e-e308ce5c4975"}
{"coins": ["BTC"], "price": 3844.421639971401, "sequence": 18842, "size": 6.0707082728871375, "symbol_id": "COINBASE_SPOT_BTC_USD", "taker_side": "BUY_ESTIMATED", "timestamp": "2018-07-16T20:14:44.284870Z", "time_exchange": "2018-07-16T20:14:44.284870Z", "type": "trade", "uuid": "f34f6cf4-b886-407d-b298-087cf7ccb71a"}
{"coins": ["LTC"], "price": 51.22083040440553, "sequence": 18913, "size": 18.100416811006436, "symbol_id": "COINBASE_SPOT_LTC_USD", "taker_side": "BUY_ESTIMATED", "timestamp": "2018-07-16T20:14:44.662709Z", "time_exchange": "2018-07-16T20:14:44.662709Z", "type": "trade", "uuid": "1c4c6494-346c-40c9-bfe2-32bff633d204"}
{"coins": ["LTC"], "price": 51.541789944553116, "sequence": 18992, "size": 30.22751416202799, "symbol_id": "COINBASE_SPOT_LTC_USD", "taker_side": "SELL_ESTIMATED", "timestamp": "2018-07-16T20:14:45.367201Z", "time_exchange": "2018-07-16T20:14:45.367201Z", "type": "trade", "uuid": "8e2ec5bb-18f4-476b-8c5d-e848b381c605"}
{"coins": ["BTC"], "price": 4101.050773548538, "sequence": 19072, "size": 43.35123728859136, "symbol_id": "COINBASE_SPOT_BTC_USD", "taker_side": "SELL", "timestamp": "2018-07-16T20:14:45.906918Z", "time_exchange": "2018-07-16T20:14:45.906918Z", "type": "trade", "uuid": "a706b60a-bbfc-4816-8595-ac865a6c09e6"}
{"coins": ["LTC"], "price": 52.04198558951401, "sequence": 19120, "size": 26.588320652775987, "symbol_id": "COINBASE_SPOT_LTC_USD", "taker_side": "BUY_ESTIMATED", "timestamp": "2018-07-16T20:14:46.487714Z", "time_exchange": "2018-07-16T20:14:46.487714Z", "type": "trade", "uuid": "df3ab1d7-ece1-4f53-a4e8-ec915e1693bf"}
{"coins": ["LTC"], "price": 53.9584893548655, "sequence": 19128, "size": 34.188056724667916, "symbol_id": "COINBASE_SPOT_LTC_USD", "taker_side": "SELL_ESTIMATED", "timestamp": "2018-07-16T20:14:47.311105Z", "time_exchange": "2018-07-16T20:14:47.311105Z", "type": "trade", "uuid": "cd456734-7546-413c-95ff-f2f0434b4e53"}
{"coins": ["ETH"], "price": 528.4709299708236, "sequence": 19204, "size": 35.19888985393275, "symbol_id": "COINBASE_SPOT_ETH_USD", "taker_side": "SELL", "timestamp": "2018-07-16T20:14:48.068561Z", "time_exchange": "2018-07-16T20:14:48.068561Z", "type": "trade", "uuid": "8cd6bfaa-5dc2-4995-8d31-b1043691f307"}
{"coins": ["ETH"], "price": 559.1120334692521, "sequence": 19256, "size": 98.62630717253913, "symbol_id": "COINBASE_SPOT_ETH_USD", "taker_side": "SELL_ESTIMATED", "timestamp": "2018-07-16T20:14:48.815050Z", "time_exchange": "2018-07-16T20:14:48.815050Z", "type": "trade", "uuid": "fa1ebcbf-7a62-4ecb-b39b-46b1573bc9ae"}
{"coins": ["BTC"], "price": 4132.902919084732, "sequence": 19326, "size": 12.649348931298865, "symbol_id": "COINBASE_SPOT_BTC_USD", "taker_side": "SELL", "timestamp": "2018-07-16T20:14:49.327533Z", "time_exchange": "2018-07-16T20:14:49.327533Z", "type": "trade", "uuid": "d3ffdf63-d1bc-4cd5-9fc3-db17e5e561be"}
{"coins": ["LTC"], "price": 50.214192088874434, "sequence": 19426, "size": 91.70918224660946, "symbol_id": "COINBASE_SPOT_LTC_USD", "taker_side": "SELL", "timestamp": "2018-07-16T20:14:49.663833Z", "time_exchange": "2018-07-16T20:14:49.663833Z", "type": "trade", "uuid": "361aef75-ab59-4c36-b5e4-6feb7a95712e"}
{"coins": ["BTC"], "price": 4216.2986475351545, "sequence": 19459, "size": 22.499483660354493, "symbol_id": "COINBASE_SPOT_BTC_USD", "taker_side": "SELL_ESTIMATED", "timestamp": "2018-07-16T20:14:50.469352Z", "time_exchange": "2018-07-16T20:14:50.469352Z", "type": "trade", "uuid": "a7ab36dc-0e33-4775-a013-48752357b541"}
{"coins": ["LTC"], "price": 51.06160465707408, "sequence": 19460, "size": 47.60027777604604, "symbol_id": "COINBASE_SPOT_LTC_USD", "taker_side": "BUY_ESTIMATED", "timestamp": "2018-07-16T20:14:51.060835Z", "time_exchange": "2018-07-16T20:14:51.060835Z", "type": "trade", "uuid": "a47c3761-ade5-4754-a4e1-203ccfad1707"}
{"coins": ["LTC"], "price": 52.1221461393885, "sequence": 19502, "size": 95.38404425764072, "symbol_id": "COINBASE_SPOT_LTC_USD", "taker_side": "BUY", "timestamp": "2018-07-16T20:14:51.788224Z", "time_exchange": "2018-07-16T20:14:51.788224Z", "type": "trade", "uuid": "88d7ef0c-8bcd-47e8-8791-58ec554e3b54"}
{"coins": ["LTC"], "price": 54.04083587521647, "sequence": 19588, "size": 91.87922129697331, "symbol_id": "COINBASE_SPOT_LTC_USD", "taker_side": "SELL_ESTIMATED", "timestamp": "2018-07-16T20:14:52.685542Z", "time_exchange": "2018-07-16T20:14:52.685542Z", "type": "trade", "uuid": "ac508f35-7958-4976-bca9-9be954de4a4e"}
{"coins": ["BTC"], "price": 4353.795710482448, "sequence": 19591, "size": 44.00774700616387, "symbol_id": "COINBASE_SPOT_BTC_USD", "taker_side": "SELL_ESTIMATED", "timestamp": "2018-07-16T20:14:53.413688Z", "time_exchange": "2018-07-16T20:14:53.413688Z", "type": "trade", "uuid": "d24daabb-df97-4627-a432-c329198a7993"}
{"coins": ["BTC"], "price": 4521.395947846545, "sequence": 19634, "size": 53.59075035879468, "symbol_id": "COINBASE_SPOT_BTC_USD", "taker_side": "SELL", "timestamp": "2018-07-16T20:14:54.035020Z", "time_exchange": "2018-07-16T20:14:54.035020Z", "type": "trade", "uuid": "d5975c4d-368b-4ed5-8440-5be353cef5f2"}
{"coins": ["ETH"], "price": 476.79474461363816, "sequence": 19651, "size": 1.3337854261872173, "symbol_id": "COINBASE_SPOT_ETH_USD", "taker_side": "SELL", "timestamp": "2018-07-16T20:14:54.563121Z", "time_exchange": "2018-07-16T20:14:54.563121Z", "type": "trade", "uuid": "0b1e17c1-be02-4a8f-a2a0-6eb87649d4a6"}
{"coins": ["BTC"], "price": 4399.31581772475, "sequence": 19727, "size": 51.574981077268454, "symbol_id": "COINBASE_SPOT_BTC_USD", "taker_side": "SELL_ESTIMATED", "timestamp": "2018-07-16T20:14:54.987980Z", "time_exchange": "2018-07-16T20:14:54.987980Z", "type": "trade", "uuid": "f9716885-ccdc-4e5d-ad0f-e75ad03f10db"}
{"coins": ["LTC"], "price": 54.08705399911973, "sequence": 19735, "size": 99.94970444905262, "symbol_id": "COINBASE_SPOT_LTC_USD", "taker_side": "BUY_ESTIMATED", "timestamp": "2018-07-16T20:14:55.689707Z", "time_exchange": "2018-07-16T20:14:55.689707Z", "type": "trade", "uuid": "8770b4cd-9bbc-41e9-8498-b6cd290d4bed"}
{"coins": ["ETH"], "price": 475.17422395500967, "sequence": 19784, "size": 87.78630320991374, "symbol_id": "COINBASE_SPOT_ETH_USD", "taker_side": "SELL_ESTIMATED", "timestamp": "2018-07-16T20:14:56.097441Z", "time_exchange": "2018-07-16T20:14:56.097441Z", "type": "trade", "uuid": "7d563ec7-6f9d-4896-b92d-c5e6da0d069d"}
{"coins": ["BTC"], "price": 4343.618137992981, "sequence": 19787, "size": 70.96256156999613, "symbol_id": "COINBASE_SPOT_BTC_USD", "taker_side": "BUY_ESTIMATED", "timestamp": "2018-07-16T20:14:56.685897Z", "time_exchange": "2018-07-16T20:14:56.685897Z", "type": "trade", "uuid": "2e187d36-576f-4991-bf66-d863e6e31a40"}
{"coins": ["ETH"], "price": 508.2526094682202, "sequence": 19883, "size": 63.01251055134395, "symbol_id": "COINBASE_SPOT_ETH_USD", "taker_side": "SELL_ESTIMATED", "timestamp": "2018-07-16T20:14:57.062496Z", "time_exchange": "2018-07-16T20:14:57.062496Z", "type": "trade", "uuid": "49cde3cf-41de-4684-861b-0b52be9db2b6"}
{"coins": ["BTC"], "price": 4372.09409676216, "sequence": 19933, "size": 71.07722578961759, "symbol_id": "COINBASE_SPOT_BTC_USD", "taker_side": "BUY", "timestamp": "2018-07-16T20:14:57.478370Z", "time_exchange": "2018-07-16T20:14:57.478370Z", "type": "trade", "uuid": "5ead5399-ca71-4138-b71d-98cbc4cfaae8"}
{"coins": ["BTC"], "price": 4058.7442816293724, "sequence": 20018, "size": 37.27672476456936, "symbol_id": "COINBASE_SPOT_BTC_USD", "taker_side": "SELL_ESTIMATED", "timestamp": "2018-07-16T20:14:58.002077Z", "time_exchange": "2018-07-16T20:14:58.002077Z", "type": "trade", "uuid": "62e21e51-7ad0-433c-90f0-82495646a89d"}
{"coins": ["BTC"], "price": 4269.915336132553, "sequence": 20073, "size": 91.74219386325785, "symbol_id": "COINBASE_SPOT_BTC_USD", "taker_side": "BUY", "timestamp": "2018-07-16T20:14:58.357503Z", "time_exchange": "2018-07-16T20:14:58.357503Z", "type": "trade", "uuid": "05bb631e-1adc-489b-8d39-212e24101e05"}
